3138 4912
830 382 870 445 62

348 563 450 646 Regni
471 567 575 628 status
596 561 655 628 fuit
677 563 768 627 nimis
791 562 894 627 miser.
996 615 999 622 .

347 666 464 729 Terrae
493 668 622 728 sauctae
652 663 751 728 multa
779 681 853 743 pars
885 663 949 728 luit·
973 663 1073 728 adbuc
1095 665 1256 729 indomita.
1305 664 1431 728 Paucae

267 767 368 846 urbes,
391 782 470 846 quae
494 763 541 827 vel
561 783 672 844 parum
694 763 913 844 frequentatae
942 764 990 827 vel
1022 763 1166 828 desertae
1195 763 1243 826 vel
1267 770 1377 827 vastae
1399 769 1432 826 et

267 884 383 930 vacuae
405 869 502 942 sunt,
520 881 689 944 earumque
716 864 773 927 vici
801 864 891 928 vicini
923 863 1125 928 adrulefridi
1155 863 1330 928 bominibus
1352 863 1432 927 obti-

267 972 379 1028 nentur
394 967 435 1041 ¹).
461 963 592 1046 Praeter
616 963 832 1042 Hierosolyma
855 963 1008 1044 Tiberias,
1031 963 1177 1044 Neapolis
1199 964 1246 1026 vel
1272 963 1432 1042 Emmaus

266 1065 384 1142 Ramlo,
406 1063 508 1150 Joppe
530 1062 693 1142 inprimis
717 1069 931 1127 numerantur.
1069 1058 1072 1062 ’

345 1163 521 1227 Multitudo
544 1180 657 1241 magna
680 1180 774 1242 quum
797 1162 964 1240 hominum,
986 1163 1211 1244 Hierosolymis
1235 1164 1432 1243 expugnatis

248 1267 429 1328 etiterum
462 1262 631 1326 multitudo
654 1281 784 1342 magna,
818 1280 923 1343 pugna
955 1263 1040 1343 apud
1064 1263 1249 1348 Ascalonem
1277 1269 1429 1343 pugnata,

267 1383 334 1428 cum
356 1363 547 1444 principibus
570 1363 601 1425 in
624 1363 760 1442 patriam
783 1362 934 1426 redierint
947 1381 1046 1443 neque
1062 1363 1257 1427 redeuntium
1273 1381 1448 1442 numerum

268 1464 464 1545 expleverint
486 1470 633 1526 catervae
657 1469 817 1541 recenteS,
846 1461 1008 1526 Godelridi
1032 1462 1170 1526 homines
1187 1481 1280 1528 unum
1297 1463 1432 1542 aliquem

269 1565 368 1628 ricum
392 1562 477 1626 urbis
500 1561 788 1642 Hierosolymorum
812 1562 988 1642 complent,
1020 1564 1150 1642 quorum
1174 1563 1255 1626 vires
1275 1563 1317 1626 ad
1341 1563 1433 1626 urbes

267 1681 383 1746 paucas
403 1661 597 1726 ‹inlinendas-
615 1661 664 1745 vir
688 1660 899 1741 sufficiuntll.

351 1781 450 1860 Regni
473 1784 577 1842 status
600 1777 661 1853 fuit
682 1779 772 1842 nimis
795 1780 898 1842 miser,
934 1833 936 1838 .
1039 1836 1041 1841 .
1073 1788 1076 1794 ’

351 1881 495 1960 Plerique
509 1879 511 1885 '
524 1896 631 1942 omnes
662 1877 859 1952 habitatores
889 1882 1004 1942 terrae·
1023 1886 1150 1944 sanctae
1180 1885 1253 1944 suut
1276 1867 1449 1958 Saraceni,

219 2063 222 2070 .
268 1982 321 2063 qui
342 1979 504 2045 Godelridi
525 1977 701 2055 bourinum,
724 1977 946 2058 Hierosolyma
971 1987 1003 2042 et
1026 1977 1119 2043 urbes
1143 1998 1240 2061 supra
1264 1980 1362 2044 dictas
1382 1979 1449 2044 ob·'

269 2082 443 2158 timentium,
466 2065 595 2141 nurnero
614 2095 711 2157 parvo
737 2078 957 2142 detrimentum
973 2097 1066 2158 quam
1083 2081 1248 2144 maximum
1262 2080 1433 2160 important

268 2180 452 2262 praedando
476 2185 507 2241 et
528 2177 756 2255 latrocinando,
786 2177 989 2258 christianos
1023 2197 1206 2259 quacunque
1228 2188 1360 2260 possunt
1384 2199 1432 2242 ra-

269 2395 481 2413 -,-.....·..-....
489 2394 555 2400 -..-..

338 2513 365 2580 1)
383 2507 473 2563 Raim.
492 2525 517 2575 p.
538 2506 604 2559 173:
624 2505 692 2560 Cum
711 2522 775 2560 vero
795 2506 967 2561 audivissent
986 2507 1129 2570 Saraceni,
1152 2506 1201 2574 qui
1220 2505 1386 2559 habitabant
1404 2507 1432 2558 in

269 2598 402 2661 tremulis,
421 2593 487 2663 quia
505 2591 704 2648 transieramus
723 2591 850 2656 fluvium,
876 2594 924 2661 qui
951 2611 1037 2664 prope
1059 2595 1113 2656 est,
1137 2594 1320 2646 deseruerunt
1344 2593 1433 2646 muni-

268 2687 372 2740 tionem
395 2683 424 2736 et
447 2697 525 2734 arma
546 2681 575 2732 et
596 2678 765 2732 frumentum
792 2679 913 2733 multum
939 2680 968 2733 in
987 2680 1057 2734 areis
1075 2683 1104 2732 et
1121 2696 1233 2742 messes,
1258 2696 1327 2747 quas
1351 2679 1434 2751 colle7

169 2852 172 2857 ι
271 2774 378 2844 gerant.

210 2883 212 2887 ⁸
303 2895 377 2948 Gest.
399 2892 444 2946 36:
463 2889 587 2951 ltamola,
607 2904 691 2956 quam
710 2885 839 2939 Saraceni
860 2884 1022 2938 dimiserant
1054 2903 1169 2940 vacuam
1194 2889 1305 2956 propter
1329 2889 1433 2940 metum

404 2977 580 3030 Francorum.

271 3148 273 3152 .
304 3101 382 3168 Will.
401 3069 465 3168 Tyr.
484 3067 532 3150 IX
552 3097 596 3149 19:
616 3095 711 3158 urbes,
731 3111 803 3162 quae
822 3093 852 3147 in
872 3064 994 3146 nostram
1007 3096 1149 3148 ¹uenerant
1165 3093 1311 3159 ditionem,
1330 3113 1434 3164 paucae

407 3186 557 3240 admodum
581 3182 661 3238 erant
686 3182 715 3234 et
734 3180 801 3234 locis
825 3179 972 3233 hostilibus
997 3178 1148 3249 interjectis
1169 3179 1369 3250 interpolatae,
1394 3182 1435 3236 ita

407 3273 440 3324 ut
456 3285 563 3324 summo
581 3267 703 3338 periculo
721 3269 754 3321 de
771 3285 827 3320 una
845 3267 914 3320 urbe
932 3267 969 3320 ad
986 3266 1102 3319 alteram
1121 3267 1264 3328 veniretur
1278 3271 1330 3323 etc.
1377 3289 1379 3293 ’

304 3379 399 3434 ruleh.
418 3375 518 3454 XVIL:
538 3374 572 3448 de
592 3389 647 3440 qua
665 3372 744 3441 (urbe
757 3369 888 3438 Hamula)
901 3369 1028 3423 Saraceni
1039 3369 1145 3425 incolae
1152 3371 1211 3441 jam
1225 3372 1434 3442 obfugaverant,

408 3463 496 3533 pridie
513 3459 680 3528 quamillue
697 3457 795 3510 Franci
814 3457 1008 3526 peruenissent.
1354 3489 1356 3494 -

339 3588 366 3656 2)
385 3556 554 3639 Ekkihssltl:
573 3547 738 3634 Godelridus
761 3596 848 3648 parva
871 3577 937 3631 licet
962 3594 1046 3629 manu
1071 3575 1158 3628 fultus
1183 3595 1284 3648 magna
1309 3545 1435 3650 quaeque

271 3674 361 3744 eoepit
378 3673 408 3725 in
425 3669 543 3724 Domino
562 3669 711 3721 attentare.
1311 3683 1314 3688 -

305 3796 375 3848 Rad.
397 3793 464 3846 139:
483 3791 557 3844 inid
576 3806 680 3842 summe
698 3787 776 3840 miles
794 3785 912 3838 militem
931 3785 1077 3852 redegerat
1095 3784 1254 3838 haerentem
1272 3783 1375 3847 abiere,
1395 3785 1434 3846 ut,
1457 3767 1460 3772 Ι
1549 3787 1562 3794 “

417 3863 592 3946 congregatis
610 3874 746 3937 omnibus,
765 3872 811 3926 vix
830 3871 965 3926 <quentae
981 3870 1082 3925 loricae
1094 3870 1266 3924 Hierusalem
1281 3872 1433 3923 tuerentur.

307 4003 369 4057 Alb.
389 4002 439 4067 Aq.
458 3973 519 4052 Vll.
535 3999 580 4050 16:
600 3999 656 4049 dux
674 3996 798 4050 ducentis
818 3991 957 4060 equitibus
976 3993 1004 4046 et
1022 3992 1098 4046 mille
1117 3992 1255 4062 peditibus
1273 3993 1376 4045 terram
1393 4007 1434 4043 re·

406 4085 556 4156 gionesque
576 4081 663 4152 grossi
684 4079 779 4133 rustici
798 4079 937 4148 ingressus
955 4080 1005 4163 est.¹
