3138 4912
702 401 739 461 21

150 615 292 679 gregum,
315 597 516 680 pecuniarum
539 599 645 680 copias
671 615 778 662 omnes
801 598 940 678 rapiunt,
971 597 1065 676 viros,
1087 613 1176 660 senes
1193 593 1322 658 liberos-

151 714 211 779 que
234 703 343 778 captos
365 699 395 761 in
421 699 606 762 servitutem
630 699 797 762 abducunt.
842 698 883 762 llt
906 699 1079 778 quicunque
1097 694 1125 776 ·)
1148 713 1186 758 ex
1210 691 1324 772 Bnlga-

151 817 259 863 rorum
281 797 392 878 gladiis
414 798 561 878 evadunt,
585 799 857 880 Constantinopoli
881 817 950 862 cum
974 796 1094 862 Culteri
1114 795 1324 876 agminecon-

150 899 275 980 gregati
299 905 332 962 et
353 899 383 962 iu
407 899 514 962 Asiam
537 900 725 978 transgressi
747 900 971 964 interimuntur
999 917 1018 962 a
1042 896 1217 961 Saracenis.
1263 892 1323 956 Vix

150 1017 231 1064 unus
256 1017 360 1063 eorum
386 1000 547 1080 conspexit
569 1000 796 1080 Hierosolyma.

237 1099 374 1162 TertIum
399 1117 527 1179 agmen,
555 1101 728 1182 quindecim
768 1101 926 1162 homiuum
958 1098 1063 1177 millia,
1086 1115 1105 1160 a
1128 1094 1319 1160 Godcscalcu

153 1199 287 1279 quodam
318 1200 504 1286 presbytero
532 1201 669 1280 drictum,
698 1202 730 1264 in
754 1202 834 1263 viam
865 1217 898 1263 se
922 1200 977 1262 dat
999 1197 1323 1276 Hierosolymitanam.

155 1299 347 1364 Effreuatius
370 1306 471 1364 aertem
503 1307 598 1381 atque
629 1301 800 1379 crudelior,
834 1317 925 1380 quam
950 1306 1070 1362 turmae
1091 1295 1323 1373 antecedentes

152 1419 185 1464 sc
213 1403 429 1480 gesserunt'2).
472 1399 645 1481 Postquam
676 1406 888 1482 pervenerunt
928 1400 957 1462 in
987 1397 1202 1477 Hungariam,
1235 1395 1320 1458 furta

152 1501 272 1565 faciunt
291 1507 385 1580 atque
408 1499 575 1564 latrocinIa
598 1519 780 1581 onrnemque
803 1501 959 1564 excedunt
970 1499 1113 1577 justitiae
1125 1496 1252 1558 modum
1267 1495 1321 1572 ita,

152 1608 188 1664 ut
211 1600 363 1680 Hungari,
386 1601 458 1664 dolo
480 1601 560 1663 malo
583 1600 734 1680 adhibito,
758 1601 795 1664 iis
814 1600 905 1681 potiti
928 1616 1035 1662 omnes
1057 1597 1248 1674 interimant,
1270 1615 1322 1658 ne·

153 1701 228 1764 mini
251 1707 425 1781 parcentes.
451 1700 509 1763 Vix
533 1719 613 1764 unus
636 1719 741 1766 eorum
766 1699 927 1781 conspexit
950 1695 1220 1778 Hircosolyma³).

236 1799 390 1886 erartum
424 1803 585 1880 agmen⁴),
609 1801 744 1866 (lucente
778 1800 874 1864 millia
902 1799 1043 1880 perlitum
1074 1804 1107 1860 et
1139 1798 1200 1860 tria
1223 1796 1319 1859 millia

152 1900 307 1980 equitum,
330 1919 346 1964 e
369 1901 502 1964 Francia
525 1919 703 1982 egressum,
725 1900 795 1964 faex
819 1899 918 1980 plebis
941 1900 1153 1979 equitumque,
1176 1897 1214 1959 ab
1237 1897 1320 1962 Emi-

153 2019 240 2078 cone,
263 2000 425 2066 Guilielmo
438 2003 633 2082 carpentario
650 2007 682 2064 et
694 2000 764 2064 aliis
777 2001 915 2078 ductum,
926 2000 955 2062 ln
971 1999 1019 2061 viu
1035 1996 1320 2076 Hierosolpmitana

153 2101 252 2164 multo
275 2102 408 2165 maxima
427 2100 548 2182 flagitia
570 2107 603 2164 et
623 2101 741 2164 scelera
764 2100 925 2164 commisit.
969 2099 1153 2162 ludaeorum
1177 2097 1320 2160 habitan-

153 2201 229 2265 tium
258 2201 458 2265 Trevirorum
485 2203 666 2280 Augustae,
689 2199 853 2278 Coloniae,
875 2197 1067 2280 Mogontiaci
1095 2215 1210 2276 magna
1230 2203 1321 2276 parte

151 2300 318 2366 interfecta
338 2319 506 2381 eorumque
530 2301 616 2364 touls
639 2300 821 2380 dereptis⁵)
851 2317 951 2380 usque
977 2298 1017 2361 ad
1040 2298 1219 2377 Hungariae
1242 2295 1319 2361 fines

153 2457 445 2468 —---.--...----

222 2537 249 2606 1)
268 2536 346 2592 wm.
366 2537 430 2608 syr.
449 2538 470 2592 i.
490 2538 599 2591 ea-ee.

221 2639 249 2708 2)
269 2641 391 2710 Aleq.
405 2642 424 2696 I.
442 2643 488 2695 24:
507 2640 617 2711 flagitia
634 2658 706 2708 quae
725 2639 817 2694 omnia
836 2641 937 2695 referre
956 2641 1102 2709 nequimus
1113 2640 1319 2709 perpetrarunt,

153 2722 224 2778 sicut
242 2743 309 2795 gens
329 2728 469 2782 rusticano
485 2745 561 2782 more
577 2728 687 2792 infulsa,
706 2727 913 2797 indisciplinata
931 2729 960 2782 et
973 2726 1118 2782 indomita.

188 2811 264 2865 Will.
282 2812 346 2883 Tyr.
364 2815 385 2867 Ι.
405 2816 452 2869 27:
477 2816 678 2870 Commiserant
700 2813 774 2868 enim
796 2813 893 2884 gravia
918 2814 1067 2883 turpiaque
1092 2813 1174 2866 nimis
1197 2814 1226 2868 et
1244 2813 1316 2868 rela-

290 2897 367 2953 tione
385 2899 509 2971 indigna.

221 2984 249 3053 3)
267 2985 330 3039 Alb.
349 2986 400 3054 Aq.
419 2987 440 3040 I.
459 2989 506 3040 25:
526 2987 631 3058 ngari
642 2985 748 3040 crudeli
759 2988 850 3057 strage
862 2987 1000 3040 irruentes
1011 2987 1041 3040 in
1054 3004 1099 3040 eos
1112 2987 1319 3056 (Codescalcum

152 3072 281 3141 suosque)
306 3074 418 3127 caedem
436 3073 664 3128 immanissimam
690 3073 719 3126 in
737 3090 782 3128 eos
799 3073 973 3138 exercebant,
992 3075 1061 3128 adeo
1082 3076 1115 3126 ut
1139 3071 1269 3126 extinctis
1291 3073 1320 3126 et

152 3157 247 3211 occisis
270 3158 428 3230 corporibus
452 3163 481 3215 et
502 3161 636 3231 sanguine
658 3161 721 3213 tota
745 3160 877 3230 planicies
903 3161 1054 3230 Belegrave
1084 3162 1266 3230 occuparetur
1291 3161 1320 3213 et

152 3245 234 3314 pauci
253 3247 288 3300 ab
304 3247 356 3302 hoc
369 3247 506 3317 martyrio
523 3247 716 3301 liberarentur.
726 3247 803 3300 Will.
816 3247 879 3317 Tyr.
890 3247 910 3300 1.
925 3248 966 3300 28.

222 3334 250 3402 4)
268 3334 330 3388 Alb.
349 3335 401 3402 Aq.
415 3335 436 3388 Ι.
456 3335 567 3388 26-31,
606 3333 683 3388 Will.
703 3334 766 3402 Tyr.
785 3333 807 3388 I.
825 3323 929 3408 2992]

222 3423 249 3493 5)
268 3421 358 3494 Sigeb.
374 3422 481 3477 Gembl.
500 3423 598 3493 (Bouq.
617 3421 692 3476 XIII.
710 3439 736 3490 p.
757 3421 833 3487 coll:
867 3421 902 3475 Et
921 3421 1009 3490 primo
1020 3421 1140 3474 Iudaeos
1155 3421 1184 3474 iu
1196 3422 1319 3487 urbibus,

151 3509 181 3562 in
203 3509 303 3577 quibus
326 3511 420 3574 crant,
443 3509 582 3581 aggressi,
608 3525 652 3563 eos
673 3510 709 3562 ad
733 3508 900 3562 credendum
923 3507 953 3560 in
977 3507 1117 3562 Christum
1141 3509 1319 3578 compellunt,

151 3597 260 3651 credere
278 3598 402 3651 nolentes
421 3597 500 3652 bonis
518 3595 637 3666 privant,
656 3595 810 3658 trucidant,
830 3595 944 3648 urbibus
962 3595 1114 3650 eliminant.
1152 3594 1247 3664 Aliqui
1271 3597 1319 3650 Ju-

152 3685 294 3750 daeorum,
313 3685 371 3738 zelo
389 3687 526 3740 tenendae
544 3685 652 3754 patriae
669 3683 739 3754 legis
757 3681 846 3746 ducti,
870 3700 897 3736 se
913 3683 1012 3735 mutuo
1031 3681 1184 3745 trucidant;
1208 3681 1257 3735 alii
1282 3685 1318 3737 ad

151 3773 261 3840 tempus
279 3789 307 3825 se
326 3773 437 3826 credere
454 3771 623 3835 simulantes,
642 3766 754 3841 posted
774 3770 949 3844 Juda'ismum
967 3769 1156 3823 revolvuntur.

221 3857 319 3912 Chron.
338 3859 430 3913 Alber.
448 3857 495 3914 a‘dj
512 3876 575 3912 ann.
597 3859 679 3912 1096:
698 3858 786 3911 I‘uere
803 3858 898 3910 tamen
914 3855 1028 3925 quidam
1050 3873 1083 3908 ex
1103 3856 1150 3919 iis,
1181 3856 1229 3924 qui
1247 3856 1318 3910 falsa

153 3943 242 4011 specie
269 3945 411 4016 religionis
438 3947 564 4000 eamdem
592 3944 726 3999 militiam
746 3943 980 4013 aggrederentur,
1015 3941 1088 3996 inter
1111 3959 1179 4010 quos
1203 3941 1316 3997 Emicho

153 4027 267 4096 quidam
284 4048 373 4086 comes
392 4034 424 4086 de
443 4033 569 4103 partibus
585 4032 691 4096 Rheni,
718 4047 854 4099 usurpans
870 4028 923 4083 sibi
941 4029 1074 4082 ducatum
1095 4028 1152 4084 fere
1174 4029 1319 4084 duodecim

152 4114 280 4180 millium,
297 4117 423 4184 Iudaeos,
443 4121 611 4190 ubicumque
628 4118 741 4191 reperit,
759 4117 803 4170 vel
821 4115 911 4171 delere
930 4107 975 4170 uel
992 4115 1124 4172 ecclesiae
1142 4116 1318 4189 incorporare

153 4202 309 4279 satagebat.
