3138 4912
844 407 884 467 te

274 601 372 681 Sijani
393 601 457 665 filio
478 619 576 682 usque
597 600 697 666 adhuc
717 601 892 679 obtentum,
915 601 1068 681 traducit,
1090 610 1126 666 ut
1147 608 1274 684 postero
1298 601 1364 680 die,
1391 599 1443 664 die

274 720 353 764 raino
376 702 489 764 mensis
510 701 594 766 Junii
609 701 649 782 Ι),
672 701 762 764 simul
787 703 939 767 intritus
964 702 1054 780 locis,
1077 703 1115 766 ad
1138 704 1243 784 pontis
1266 701 1441 779 castellum,

273 808 346 864 ante
368 799 412 864 St.
434 801 559 880 Georgii
588 808 709 880 portam
740 807 772 864 et
802 801 842 864 ab
873 802 959 864 urbis
991 801 1118 865 castello
1143 805 1244 864 nostes
1268 817 1440 882 aggressus

274 903 379 965 urbem
401 909 559 981 expugnet
580 899 747 980 deleatque
771 919 831 963 uno
854 902 916 963 ictu
941 904 1136 966 eluistianos.
1181 907 1280 979 Quam
1302 907 1438 964 mentem

273 1001 530 1079 voluntatemque
553 1006 730 1079 susceptam
755 1009 883 1064 nonest
906 1011 1078 1065 assecutus,

356 1100 527 1162 Turcarurn
569 1100 702 1178 impetus
741 1100 773 1162 in
805 1101 910 1180 pontis
948 1101 1108 1164 castellum
1141 1099 1241 1162 factos
1275 1098 1441 1162 christiani

271 1202 394 1264 fortiter
424 1200 617 1280 propulsant.
668 1199 785 1262 Tereus
817 1219 853 1262 ex
875 1201 961 1265 urbis
995 1201 1125 1264 castello
1147 1207 1346 1279 erumpentes
1370 1218 1440 1280 per-

272 1306 452 1366 sereranter
477 1298 644 1380 repellunt.
689 1299 798 1362 ancis
828 1307 902 1364 ante
924 1300 969 1363 St.
992 1300 1119 1380 Georgii
1150 1307 1271 1380 portam
1295 1317 1440 1379 pugnau-

273 1401 485 1466 tibustenaci
515 1416 609 1480 passu
639 1400 802 1463 resistunt.
854 1399 921 1464 Hoc
953 1401 1018 1464 loco
1038 1402 1160 1480 quidem
1183 1399 1320 1478 Turcae,
1353 1399 1439 1462 coelo

273 1507 527 1582 vesperascente,
565 1499 724 1562 victoriam
764 1507 928 1579 reportant
966 1502 1120 1579 exiguam,
1169 1499 1224 1562 sed
1265 1498 1439 1580 complures

272 1609 417 1666 catervae
449 1618 516 1664 euro
552 1598 730 1662 clr‘ristianis
763 1599 981 1662 recedentibus
1013 1618 1070 1679 per
1108 1606 1230 1680 portam
1265 1601 1296 1661 in
1330 1599 1439 1662 urbem

272 1707 424 1768 irruentes
447 1700 487 1763 ad
509 1701 627 1779 posteri
652 1699 712 1762 diei
736 1699 833 1762 lucem
857 1718 893 1762 err
915 1700 989 1762 urbo
1008 1699 1248 1780 rejiciuntur²).

354 1801 503 1878 liei-nuga
526 1817 620 1878 quum
645 1799 702 1862 tae
730 1817 837 1878 pugna
867 1800 990 1878 triplice
1017 1800 1094 1862 ninii
1122 1800 1246 1879 peperit
1274 1797 1439 1874 conanum,

271 1921 363 1984 quurn
385 1901 573 1964 christianos
597 1901 729 1962 maxima
749 1917 819 1962 cum
842 1901 1076 1979 perseverantia
1098 1917 1135 1960 ae
1159 1901 1273 1962 virtute
1295 1916 1436 1976 pugnare

271 2000 537 2075 animaduerterit,
558 2017 652 2079 quum
676 2007 707 2060 ct
723 2001 918 2062 incenderint
941 2000 1046 2081 pontis
1068 1999 1230 2062 castellum
1246 2016 1302 2060 sua
1325 2004 1437 2077 sponte

272 2103 428 2165 desertum
461 2098 686 2179 christiani-³),
725 2099 762 2161 de
795 2119 850 2178 spe
883 2099 968 2162 urbis
998 2099 1052 2162 tali
1087 2100 1179 2161 modo
1212 2096 1437 2176 expugnandae

272 2203 468 2280 hostiumque
497 2197 697 2261 delendorum
727 2198 852 2261 decedit
879 2206 1040 2280 mutatque
1069 2197 1238 2260 consilium.
1282 2195 1437 2257 Aburius

272 2309 363 2380 parte
385 2298 568 2363 occidentali
591 2307 693 2359 irroret
717 2306 750 2359 et
771 2307 875 2361 castra
897 2300 985 2378 ponit
1012 2300 1043 2360 in
1072 2297 1174 2360 altera
1203 2293 1287 2357 fluvii
1318 2296 1435 2372 ripa⁴),

270 2416 304 2464 ut
329 2400 374 2462 rel
397 2397 614 2477 eruptionibus
630 2399 813 2476 pugnisque,
835 2399 874 2461 ab
890 2399 975 2460 urbis
990 2397 1118 2460 castello
1134 2393 1272 2475 quotidie
1285 2391 1435 2472 repetitis,

271 2503 379 2565 hostes
402 2500 554 2578 fatigatos
579 2499 767 2577 pedetentim
789 2500 924 2576 perimat
948 2497 994 2559 rel
1017 2497 1099 2559 fame
1122 2495 1259 2558 suffocet.

353 2601 432 2664 lnde
459 2599 497 2661 ab
533 2597 591 2660 hoc
622 2605 760 2676 tempore
790 2598 950 2661 christiani
987 2598 1017 2659 in
1052 2594 1207 2673 angustiis
1244 2592 1435 2670 miseriisque

271 2709 435 2764 versantur
452 2700 593 2760 oraminis
609 2717 666 2776 per
683 2698 749 2760 dies
766 2699 876 2776 viginti
890 2703 926 2775 ⁵).
970 2695 1068 2774 Copia
1090 2693 1311 2756 alimentorum
1335 2707 1433 2770 parra

271 2801 354 2862 brevi
380 2805 518 2878 tempore
539 2805 712 2877 consumta,
736 2798 775 2860 ad
793 2799 886 2858 vitam
902 2795 1084 2857 trahendam
1103 2794 1310 2856 miserrimam
1332 2790 1433 2854 cibum

269 2905 397 2963 sumunt
419 2899 604 2978 pessimum,
626 2915 663 2960 ne
685 2897 765 2959 lame
788 2895 994 2966 conficiantur
1008 2901 1046 2973 ⁰).
1088 2895 1123 2956 Iu
1149 2893 1246 2968 ralle,
1267 2893 1327 2954 situ
1350 2890 1434 2952 inter

340 3095 365 3163 l)
384 3093 474 3147 Raim.
494 3111 519 3164 p.
539 3092 603 3144 149:
628 3093 691 3160 post
709 3091 796 3145 tertia
846 3091 919 3144 diem
937 3091 1024 3144 nostri
1049 3089 1078 3142 in
1095 3087 1174 3142 nonis
1190 3087 1313 3156 ejusdem
1332 3082 1434 3137 mensis

269 3183 346 3237 Junii
365 3199 382 3234 a
400 3178 519 3250 paganis
535 3178 637 3230 obsessi
656 3179 728 3230 sunt.
887 3148 968 3248 ,M
976 3203 989 3232 o

372 3267 433 3320 Ait.
453 3265 505 3334 Aq.
523 3265 571 3328 IV,
595 3265 639 3317 29:
665 3264 695 3317 in
719 3263 761 3332 ips
806 3280 885 3315 niune
906 3261 1032 3324 sabbati,
1061 3262 1134 3328 quod
1158 3259 1255 3311 illuxit
1280 3257 1363 3310 tertia
1389 3257 1434 3310 die

267 3358 414 3426 postquam
432 3352 496 3405 urbs
509 3351 591 3419 capta
609 3351 658 3414 est,
675 3353 771 3404 assunt
788 3349 933 3403 universae
952 3348 1084 3402 bamberse
1101 3347 1227 3398 nationes
1246 3344 1276 3396 in
1296 3346 1433 3412 apparatu

267 3441 384 3512 copioso,
403 3457 471 3509 quus
485 3437 628 3493 Corbahan
650 3455 683 3490 ex
702 3435 836 3491 universis
855 3435 947 3505 regnis
969 3433 1112 3488 orientalis
1130 3432 1230 3500 plagae
1248 3433 1433 3493 contraxerat,

267 3528 435 3582 obsidionem
453 3524 565 3579 faciens.
819 3527 820 3532 ’

335 3633 364 3701 2)
381 3631 457 3686 Gest.
475 3630 515 3683 23.
552 3626 643 3680 Rairn.
662 3644 688 3695 p.
708 3627 766 3678 150.

336 3737 363 3804 3)
383 3733 473 3788 natm.
491 3751 517 3802 p.
538 3731 596 3784 rso.
634 3729 697 3783 nu.
716 3730 768 3798 aq.
787 3729 835 3792 rr,
854 3729 895 3780 33.
931 3727 976 3780 w.
994 3725 1024 3779 r.
1043 3725 1090 3789 rt,
1109 3727 1134 3779 a

335 3836 583 3908 QWOEWAE

336 3942 363 4012 5)
381 3942 456 3997 Gest.
476 3941 522 3993 32:
541 3940 636 4008 postea
651 3936 765 3990 fuerunt
784 3933 904 4004 (Franci)
923 3932 999 3986 intus
1019 3933 1118 3986 inclusi
1137 3935 1195 3985 tres
1213 3931 1399 3985 hebdomadas
1415 3949 1432 3985 a

267 4029 364 4084 Turcis
382 4030 410 4082 et
428 4029 463 4082 ab
481 4025 544 4080 aliis
563 4022 688 4094 paganis.

300 4179 303 4184 .
336 4135 363 4203 6)
381 4133 456 4187 Gest.
467 4131 511 4183 26:
530 4127 635 4182 inimici
647 4127 698 4182 Dei
716 4127 759 4180 ita
776 4124 911 4180 tenebant
929 4139 978 4176 nos
996 4123 1115 4177 inclusos
1133 4122 1162 4175 in
1178 4123 1246 4175 urbe
1260 4121 1432 4185 Antioohiae,

268 4224 300 4275 ut
317 4220 401 4274 multi
421 4215 524 4271 mortui
544 4215 648 4269 luerint
666 4214 747 4268 fame.
