3138 4912
688 399 730 460 43

564 478 855 507 -····-··-----r·

207 596 334 662 Pedites
363 595 472 660 eodem
496 594 545 658 die
574 591 614 657 ad
650 609 787 674 pugnam
820 589 1034 673 eruptionibus
1064 593 1181 658 crebris
1209 589 1293 670 cogit

125 698 205 776 Bagi
226 696 365 777 SijrtnuS,
390 713 446 760 nec
470 694 599 758 victoria
619 697 783 773 reportata
805 709 862 756 nec
885 693 1044 757 commodo
1067 693 1191 773 adepto.

206 796 254 860 Ex
284 815 345 878 quo
374 795 536 860 christiani
564 811 620 873 spe
647 793 767 874 majore
796 792 961 858 ducuntur.
1012 793 1114 872 Quum
1136 791 1292 873 principes

123 903 279 961 terrarum
303 895 369 960 urbi
393 893 606 971 finitimarum,
628 892 706 973 Bagi
729 891 835 972 SiJano
857 892 1003 958 auxilium
1027 893 1137 972 laturi,
1160 891 1209 956 vel
1229 891 1293 954 sint

9 983 12 990 ’
121 997 197 1060 victi
220 996 268 1060 vel
291 995 443 1060 desierint
465 994 505 1058 ab
528 993 661 1073 incepto,
682 1009 775 1074 quum
798 991 909 1056 hiemis
933 998 1140 1074 tempestates
1163 991 1292 1056 imbres·

123 1115 184 1177 que
205 1096 406 1174 cessaverint,
429 1111 524 1175 quum
538 1092 733 1156 habitatores
756 1092 917 1170 regionum
943 1093 1115 1158 vicinarum
1129 1106 1175 1156 ‘ac
1192 1109 1292 1156 remo·

124 1202 226 1260 tarum
250 1195 292 1260 ad
313 1195 448 1275 inopiam
462 1193 634 1257 tollendam
650 1191 841 1256 frumentum
854 1198 886 1256 et
900 1200 1106 1259 commeatum
1123 1193 1164 1258 ad
1186 1198 1292 1257 castra

124 1301 326 1376 supportent,
354 1295 386 1358 in
415 1293 483 1358 loco
511 1292 646 1372 excelso,
677 1311 694 1356 e
724 1293 856 1373 regione
889 1292 1059 1359 Turearum
1086 1294 1191 1375 pontis
1223 1292 1292 1370 sito,

123 1415 215 1477 quern
238 1392 640 1473 TurcaeMachumeria1)
664 1393 832 1472 vocabant,
860 1393 1024 1457 castellum
1053 1399 1213 1458 exstruere
1243 1398 1292 1455 at·

124 1515 184 1577 que
205 1503 278 1560 ante
299 1500 424 1576 portam
445 1492 492 1557 St.
512 1493 640 1573 Georgii
663 1494 855 1557 munimenta
878 1493 1042 1558 instituere
1063 1495 1222 1574 nituntur,
1246 1498 1290 1571 ut,

124 1596 258 1659 hostiurn
291 1592 506 1675 eruptionibus
535 1592 714 1672 prohibitis
751 1593 858 1656 urbem
888 1609 907 1656 a
938 1593 1037 1658 tribus
1065 1593 1209 1674 partibus
1238 1592 1292 1656 ob·

123 1714 242 1761 sessam
263 1713 298 1759 ec
322 1694 452 1758 celerius
474 1699 662 1774 expugnent.
1323 1695 1326 1704 “

208 1794 456 1860 Christianorum
470 1792 659 1873 permultum
677 1793 839 1872 intererat,
858 1792 986 1857 castello
1002 1791 1191 1857 exstruendo
1208 1790 1288 1856 viam

124 1898 164 1961 ad
192 1900 320 1977 portum
351 1892 398 1959 St.
428 1891 597 1972 Simeonis,
632 1897 727 1972 ponte
761 1893 863 1956 adhuc
890 1892 1045 1970 clausam,
1081 1892 1206 1973 aperiri.
1255 1891 1291 1955 In

123 1997 232 2061 ecdem
255 2001 346 2075 portu
370 1992 584 2058 Genuensium
606 1991 715 2056 classis
737 1992 768 2055 in
793 1994 914 2056 ancoris
936 1990 1183 2073 consistebam),
1206 1991 1291 2073 cujus

124 2115 218 2160 uranu
254 2094 409 2174 adjutrice
440 2092 623 2156 Antiochiae
662 2092 844 2156 obsessores
880 2109 952 2156 mox
984 2092 1092 2156 urbem
1126 2109 1194 2155 sese
1223 2109 1292 2155 esse

122 2201 368 2277 expugnaturos,
391 2197 423 2256 et
444 2192 532 2271 quus
553 2189 691 2255 artifices
713 2191 754 2254 ed
773 2192 936 2256 castellum
957 2192 1182 2256 exstruendum
1201 2208 1290 2273 opem

7 2351 21 2360 .
123 2299 274 2378 optimam
304 2295 424 2357 laturos
453 2309 521 2356 esse
552 2291 733 2371 sperabant.
788 2293 865 2372 Bagi
894 2290 1019 2374 Sijanus
1049 2293 1087 2355 de
1116 2291 1165 2355 his
1195 2292 1291 2356 rebus

122 2398 238 2462 certior
258 2395 362 2458 tactus
384 2409 492 2457 ornnes
516 2391 596 2455 vires
618 2391 770 2472 in‘endit,
793 2400 828 2456 ut
849 2393 955 2456 hostes
976 2398 1090 2456 conatu
1112 2391 1289 2472 prohibeat.

123 2496 265 2560 Intendit
286 2501 393 2558 autern
410 2493 495 2556 'vires
519 2490 648 2555 frustra.

207 2593 407 2658 Boamundus
424 2597 457 2656 et
473 2591 669 2656 Raimnndus
686 2610 724 2655 ex
746 2592 867 2656 occulto
888 2593 919 2656 in
940 2598 1065 2674 portum
1080 2591 1126 2656 st.
1140 2592 1291 2657 Simeonis

124 2693 307 2776 exeunt³),
334 2702 369 2757 ut
389 2694 573 2758 Genuenses
603 2693 635 2756 in
656 2698 761 2756 castra
790 2691 917 2757 ducant.
960 2691 1154 2773 Redeuntes,
1183 2691 1291 2756 multis

121 2795 248 2874 occisiS,
277 2791 430 2856 aTurcis
458 2793 489 2855 in
520 2791 627 2872 fugam
656 2797 832 2857 vertuntur.
882 2792 964 2857 Malo
992 2793 1100 2856 nuntio
1128 2799 1235 2857 autem
1259 2795 1289 2856 in

122 2895 237 2962 castris
258 2892 366 2956 audito
385 2893 479 2955 ceteri
497 2893 653 2973 principes
670 2911 739 2956 curn
762 2893 826 2957 suis
841 2894 948 2956 statim
964 2891 1084 2978 Turris,
1107 2895 1161 2973 qui
1184 2912 1290 2957 ornnes

123 3015 160 3060 ex
193 2994 269 3058 urbe
292 2992 332 3056 ad
361 3009 498 3074 pugnam
526 2993 646 3072 'egressi
675 2998 764 3072 sunt,
792 2993 914 3056 obviam
942 2997 1018 3057 eunt
1045 2993 1169 3074 illisque
1192 2994 1291 3058 edunt

6 3085 16 3092 ”
123 3094 341 3176 gravissimam
364 3097 513 3172 stragem.

206 3191 370 3257 Godeiridi
397 3189 483 3256 ducis
504 3192 645 3272 equitum
667 3192 817 3256 virtutem
841 3191 990 3256 miraculo
1013 3191 1111 3256 fuisse
1136 3197 1168 3256 et
1191 3190 1291 3255 Gade-

123 3294 238 3358 tridurn
267 3293 367 3373 ipsum
405 3292 521 3356 virtute
557 3309 740 3372 superasse,
775 3310 882 3356 omnes
920 3293 1090 3373 scriptores
1128 3311 1191 3355 una
1218 3309 1292 3356 uoce

124 3400 295 3458 testantur.
340 3390 544 3455 Godet'ridum
560 3410 620 3454 uno
643 3393 707 3456 ictu
728 3391 848 3455 Turcae
863 3398 958 3473 caput
980 3409 1142 3473 accrpore
1162 3409 1291 3472 separa-

124 3495 223 3572 visse,
247 3492 397 3573 imprimis
419 3497 570 3555 enarrant
601 3491 626 3573 ).

194 3695 221 3762 n
240 3693 314 3746 aest.
334 3693 375 3745 rs.
409 3691 500 3746 sarm.
519 3711 544 3762 p.
567 3695 623 3749 143.
661 3695 730 3750 nac.
746 3697 789 3750 ro.
825 3697 869 3750 w.
887 3697 917 3750 r.
938 3673 1014 3761 vsa.

194 3777 375 3848 2)Gest.18.
411 3779 501 3832 Raim.
520 3799 545 3848 p.
565 3781 622 3834 147.

193 3866 221 3933 3)
241 3865 315 3919 Gest.
335 3865 353 3918 l.
372 3883 394 3918 c.
428 3865 518 3918 Raim.
537 3866 555 3920 l.
575 3886 597 3921 c.
634 3868 696 3921 Alb.
717 3868 768 3935 Aq.
788 3867 838 3931 ΙΙΙ,
857 3867 967 3921 63-66.
1004 3870 1048 3922 W.
1065 3869 1094 3923 Τ.
1113 3870 1147 3934 V,
1165 3871 1242 3922 4-6.

194 3951 222 4018 4)
240 3950 331 4008 Raim.
356 3970 382 4020 p.
410 3953 466 4005 147.
505 3952 567 4006 Alb.
593 3953 644 4022 Aq.
669 3954 723 4019 III,
750 3955 792 4006 65.
835 3955 906 4008 Rad.
932 3955 977 4007 53:
1005 3955 1072 4020 Quis
1094 3957 1128 4009 de
1151 3955 1292 4010 chefridi

127 4036 231 4090 viribus
248 4038 391 4107 stupendis
411 4041 581 4108 praesumat,
607 4041 685 4111 cnjus
709 4057 772 4094 ense
795 4041 929 4109 trajectus
944 4041 1048 4095 Turcus
1072 4043 1126 4096 duo
1144 4042 1234 4096 iactus
1253 4043 1295 4096 cst

125 4123 219 4176 Terei:
245 4127 277 4177 ut
294 4123 407 4179 inferior
425 4126 497 4180 alter
513 4125 543 4178 in
561 4126 658 4182 urbem
683 4127 836 4196 equitaret,
862 4127 934 4181 alter
952 4128 1107 4186 arcitenens
1132 4129 1293 4188 influmine

124 4212 247 4267 nataret.
284 4212 329 4266 W.
347 4212 377 4266 Τ.
395 4212 428 4278 V,
447 4213 472 4266 6.
