3138 4912
696 385 732 444 61

136 589 304 672 vicinas¹).
346 588 465 666 Quibus
495 603 556 649 non
586 584 685 648 sulum
717 582 874 663 principes
904 579 1013 644 lrarum
1045 584 1209 644 terrarum·
1231 600 1301 662 per-

136 692 268 756 territos
292 707 311 752 a
334 695 420 752 terra
444 692 554 750 sanctu
574 683 718 765 prohibet
739 683 955 762 expugnanda,
985 679 1040 744 sed
1063 680 1157 743 etium
1180 681 1303 747 habita·

136 799 223 856 tores
246 798 351 853 terrae
372 794 498 852 sanctae
528 784 695 850 seditiosos
716 801 734 846 a
757 781 959 846 seditionibus
990 786 1077 844 arcet
1099 783 1302 847 concitandis.

137 892 273 956 Fructus
302 888 433 968 percipit
461 886 527 966 ipse
552 884 724 947 uberrimus
739 885 780 962 ²).·
822 882 956 944 Tantam
978 881 1124 961 praedam
1145 882 1301 947 interdum
1343 965 1346 970 Ι

138 992 239 1071 capit,
266 994 302 1053 ut
330 995 363 1052 et
396 984 570 1052 Godot'rido
593 990 625 1047 et
646 981 929 1062 Hierosolymorum
966 981 1101 1045 ecclesiis
1125 982 1303 1064 clericisque

140 1107 269 1155 munera
311 1087 387 1150 edat
430 1084 620 1164 largissima.
672 1081 938 1146 Damascenorum
982 1081 1106 1161 quidem
1149 1084 1304 1164 princeps,

139 1189 281 1254 omnibus
318 1186 483 1267 impetibus
524 1181 730 1264 propulsatis,
761 1187 810 1246 est
836 1181 979 1246 invictus,
1024 1181 1173 1246 Grossum
1196 1190 1302 1248 autem
1379 1257 1386 1272 μ

140 1285 347 1368 rusticum³)‚
369 1286 458 1367 cujus
481 1290 567 1348 terra
589 1282 711 1364 adjacet
732 1283 925 1362 Aegyptum,
946 1282 985 1344 ad
1009 1299 1114 1361 pacem
1138 1283 1302 1362 petendam
1379 1273 1385 1335 Γ

140 1397 173 1454 et
195 1389 233 1452 ad
257 1387 408 1450 tributum
432 1391 623 1450 rnoustruum
637 1382 834 1463 pendendum
850 1378 1022 1462 obligat⁴).
1052 1382 1099 1444 An
1117 1381 1305 1448 Godet'ridus
1374 1366 1385 1382 ⁶

139 1487 336 1554 Tancrednm
376 1486 406 1550 in
447 1485 494 1548 his
530 1481 764 1547 excursionibus
804 1499 865 1545 non
903 1480 998 1543 semel
1029 1481 1145 1561 juverit
1180 1483 1305 1562 auxilio,

140 1589 265 1670 penitus
287 1586 389 1649 estin
411 1585 578 1666 pendenti,
599 1601 692 1663 quum
717 1581 887 1661 periculum
910 1581 1022 1660 luerit,
1044 1601 1081 1644 ne
1107 1582 1306 1664 GorleiriduS,

141 1689 222 1753 alias
252 1697 355 1750 terras
386 1691 636 1764 expugnaturus
653 1688 769 1744 terram
792 1681 905 1762 perdat
926 1699 1014 1745 snam
1034 1682 1200 1762 propriam.
1243 1683 1304 1748 Sed

140 1794 258 1852 certum
293 1786 418 1864 scimus,
448 1782 643 1848 Tancredum
678 1799 745 1844 curn
775 1781 943 1860 sexaginta
966 1781 1014 1845 vel
1037 1783 1198 1862 octoginta
1220 1785 1305 1864 equi-

142 1889 227 1953 tibus
247 1886 325 1949 baec
347 1885 452 1948 orrrnia
471 1882 660 1962 effecisse⁵).

225 1985 389 2050 Tancredo
412 1983 611 2048 meritissimo
632 1977 820 2046 Godelridus
844 1979 951 2044 urbem
976 1979 1174 2044 Tiberiadem
1193 1982 1306 2046 tribuit

142 2087 282 2169 praemio
305 2103 437 2165 curruque
459 2084 597 2147 instituit
620 2081 779 2146 Galilaeae
801 2081 1025 2161 principetur).

226 2186 293 2250 Hae
317 2192 391 2248 sunt
413 2202 551 2248 summae
574 2201 675 2247 rerum
699 2181 906 2245 aGodefrido
919 2180 1139 2261 Hierosolymis
1156 2191 1307 2261 regnante

142 2287 304 2351 factarum.
329 2283 534 2348 Godufridum
557 2283 691 2364 amplius
712 2280 834 2344 efficere
857 2281 997 2360 potuisse
1020 2299 1177 2360 negamus.

140 2419 272 2428 ,ῥα-..-
277 2419 432 2429 ———.-..

210 2470 530 2543 mmmmm

209 2579 236 2646 2)
256 2577 319 2630 Alb.
338 2576 389 2644 Aq.
408 2575 427 2639 l,
446 2594 485 2630 c:
510 2575 675 2629 Tankradus
697 2575 843 2645 sexaginta
867 2574 970 2628 milites
1003 2593 1094 2630 secum
1123 2576 1226 2630 habens
1254 2578 1309 2630 sin-

143 2663 215 2736 gulis
236 2664 334 2718 diebus
358 2663 522 2716 Damascum
543 2663 571 2716 et
590 2661 741 2732 municipia
765 2662 916 2716 Turonium
939 2665 1082 2731 expugnat
1104 2665 1133 2716 et
1157 2665 1272 2732 praedas
1293 2682 1311 2717 a

142 2753 219 2804 terra
236 2752 265 2804 et
281 2747 395 2818 regione
416 2766 511 2802 eorum
526 2748 647 2802 abducit.

212 2855 241 2922 3)
258 2853 320 2906 Alb.
341 2851 392 2919 Aq.
411 2851 430 2904 l.
448 2869 485 2906 a:
509 2852 672 2906 Tankradns
697 2849 834 2904 auxilinm
852 2852 949 2921 petens
968 2869 985 2904 a
1003 2851 1151 2906 Godefrido
1170 2815 1217 2920 eo,
1236 2857 1311 2923 quod

143 2943 219 2994 terra
243 2941 272 2994 et
295 2937 394 2992 civitas
418 2938 504 3007 grossi
534 2938 629 2992 rustici
659 2938 711 2992 sibi
733 2938 900 2991 rebellarent
925 2945 953 2992 et
972 2938 1096 2992 redditus
1125 2941 1238 2995 reddere
1264 2945 1310 2996 de-

5 3067 28 3092 „
142 3027 333 3096 dignarentur.

211 3131 239 3194 4)
260 3129 322 3182 Alb.
340 3129 391 3197 Aq.
410 3127 472 3182 VII.
494 3129 541 3212 1⁷?
572 3128 687 3181 Grossus
711 3128 829 3182 rusticus
854 3128 950 3182 nolens
972 3131 1067 3183 volens
1092 3148 1153 3184 cum
1186 3133 1255 3186 duce
1282 3137 1312 3187 et

143 3217 290 3270 Tankrado
306 3216 401 3269 foedus
423 3214 564 3284 pererrauit.

213 3320 240 3387 5)
259 3319 321 3372 Alb.
336 3320 388 3388 riq,
414 3319 475 3373 VII.
501 3319 544 3371 16:
583 3318 745 3372 Tankradus
773 3321 918 3391 sexaginta
947 3322 1050 3376 milites
1078 3339 1169 3375 secum
1198 3322 1311 3376 habena.

145 3407 216 3460 aad,
239 3407 302 3458 139:
324 3405 508 3460 Wiscardides
524 3405 632 3459 circiter
651 3407 793 3476 octoginta
811 3408 862 3461 sibi
880 3408 981 3461 ascitis.

213 3509 240 3578 6)
260 3509 338 3562 Will.
354 3509 418 3578 Tyr.
444 3510 490 3565 IX.
511 3511 554 3563 13:
581 3509 746 3564 Godet'ridus
771 3512 855 3565 solita
879 3511 1047 3565 liberalitate
1074 3513 1188 3574 (tonavit
1216 3515 1312 3568 urbem

146 3596 366 3650 tiberiadensem
391 3615 453 3649 oum
480 3597 609 3651 universo
636 3597 795 3667 principatu
823 3598 978 3662 Galilaeae,
1009 3598 1091 3651 sinin]
1116 3602 1145 3653 et
1171 3600 1311 3670 Caypham

146 3699 207 3734 oum
227 3682 283 3735 suis
302 3682 477 3750 pertinentiis
496 3683 643 3737 'tancredo

121 3779 125 3786 '
181 3768 465 3837 ulb.Aq.V11.16:
491 3771 565 3837 qnod
582 3770 728 3840 (Taburiae
748 3770 928 3840 praesidium)
956 3770 1120 3824 Tankradus
1145 3773 1216 3826 dono
1235 3773 1313 3826 ducis

284 3856 320 3908 ad
339 3857 475 3909 tuendum
494 3858 660 3924 susceperat.

182 3941 244 3996 Alb.
251 3943 302 4010 Aq.
310 3943 352 3996 lc.
363 3961 368 3994 :
379 3959 471 3997 arcem
478 3942 624 3996 Taburiam
635 3960 697 3996 oum
711 3943 846 4012 praesidio
853 3945 989 3996 restructo
1008 3943 1171 3997 Tankradus
1190 3944 1313 3998 obtinuit

284 4028 313 4081 in
339 4029 483 4091 beneficio,
512 4047 543 4080 eu
571 4032 644 4097 qnod
669 4031 789 4097 gratiam
815 4031 844 4084 in
872 4031 957 4084 oculis
982 4030 1067 4100 ipsius
1086 4031 1251 4100 (Gadeiridi)
1269 4031 1312 4083 in-

285 4115 405 4178 venerit,
430 4116 458 4168 in
485 4116 574 4170 officio
593 4116 708 4169 militari
726 4117 843 4184 probus,
871 4108 899 4169 et
917 4116 984 4185 quia
1003 4118 1167 4170 adversariis
1186 4119 1313 4173 christia-

203 4242 207 4249 .
285 4217 384 4253 norum
403 4203 560 4257 indeficiens
580 4205 614 4257 ad
633 4203 819 4256 resistendum
838 4203 987 4258 rideretur.
