3138 4912
730 403 770 464 37

602 480 895 495 ᾗ*

168 615 355 677 suorumque
375 596 415 661 ad
438 598 547 664 hostes
568 598 672 662 subire
693 599 773 680 jussi
796 604 880 678 sunt,
902 617 998 679 quum
1020 599 1329 680 Turcae,exercitus,

167 695 409 761 christianorum
423 697 512 762 divisi
530 717 592 763 non
605 698 703 778 inscii,
725 699 875 779 impetum
892 697 1012 764 iaciunt
1026 700 1328 765 vehementissimum

167 796 359 878 caedemque.
386 798 565 862 terribilem.
610 798 812 862 Boamuudus
844 799 968 880 suique,
1002 801 1142 883 quumvis
1174 799 1329 865 interdum

166 897 365 976 recedentes
394 904 427 961 et
452 897 631 962 constantia
662 903 694 961 et
726 899 843 962 virtute
872 899 1057 963 admiranda
1089 900 1140 964 diu
1167 900 1340 979 resistunt„

165 996 259 1076 longe
290 1004 393 1061 autem
422 997 579 1062 excellunt
606 1004 638 1061 et
669 998 811 1079 agilitate
839 1002 872 1061 et
901 997 1063 1063 celeritate
1091 1000 1207 1065 hostes.
1249 999 1331 1063 Hinc

166 1095 310 1177 illincque
331 1097 423 1161 multi
445 1097 631 1162 occiduntur
645 1099 680 1178 ¹).
949 1163 952 1170 ,

249 1197 339 1262 Nunc
366 1199 466 1279 ipsum
497 1198 697 1263 Boamundus
732 1198 771 1261 ad
800 1195 1004 1282 Godefridpm
1034 1205 1217 1280 ceterosque
1245 1201 1329 1286 prin,-

166 1297 263 1377 ctpcs,
291 1315 310 1361 a
339 1316 463 1378 pugnae
494 1299 560 1362 loco
590 1297 671 1362 haud
702 1297 809 1378 proctd
838 1298 1026 1379 absentes&
1065 1301 1192 1390 nuntios
1222 1298 1320 1362 mittit
1411 1379 1413 1388 ‚

165 1398 219 1476 qui
241 1404 361 1478 petant,
385 1404 421 1462 ut
442 1399 591 1462 auxilium
614 1397 719 1462 ierant
739 1397 889 1462 iratribus
912 1398 942 1461 in
956 1400 1092 1480 periculo
1107 1401 1241 1462 maximo
1262 1416 1329 1462 ver·
1368 1483 1371 1490 ι

165 1497 316 1560 sontibus.
361 1498 421 1574 Qui
442 1496 603 1562 confestim
625 1497 741 1563 auxilio
763 1504 837 1561 sunt
857 1501 1079 1580 succursum).

217 1647 220 1656 .
248 1597 376 1660 Interim
407 1605 514 1661 autem
546 1597 718 1676 Turcarum
750 1597 925 1678 complures
958 1605 1115 1678 catervae,
1147 1597 1212 1660 sive
1237 1596 1330 1658 circa

165 1695 344 1762 Boamundi
375 1699 471 1762 aciem
490 1716 520 1772 ¹a
538 1698 640 1766 latere
663 1697 878 1764 circumcundo
907 1698 972 1786 sive
993 1717 1050 1779 per
1071 1699 1166 1762 aciem
1189 1713 1329 1776 perrum-

164 1797 279 1876 pendo,
299 1802 405 1870 castra
427 1811 550 1878 quoque
572 1800 770 1878 ceperunt⁴)‚
783 1798 834 1862 ubi
848 1788 1045 1878 praedantur
1056 1805 1089 1862 et
1104 1797 1330 1861 latrocinantur

164 1902 196 1959 et
219 1895 302 1960 ferro
332 1896 524 1977 transfigunt
553 1915 801 1978 unumquemque
830 1897 889 1962 sibi
918 1897 1039 1961 obviam
1062 1903 1196 1976 euntem,
1247 1894 1328 1958 viros
1399 1951 1401 1958 .

164 2011 201 2059 uc
244 1996 405 2077 mulieres
448 1991 538 2062 senes
582 2015 619 2060 ac
660 1997 823 2078 parvuloS‚
863 2003 1004 2069 armatos
1046 2005 1142 2079 atque
1186 1998 1328 2061 inermes.

165 2094 339 2162 Christiani
362 2099 528 2162 clamorem
552 2084 744 2179 profundunt
766 2115 931 2178 magnum,
950 2117 987 2161 ex
1009 2099 1119 2162 castris
1142 2096 1275 2162 vastatis
1298 2101 1329 2158 et

164 2215 201 2260 ex
224 2202 275 2262 tot
295 2195 473 2262 hominibus
503 2198 612 2262 occisis
644 2197 763 2262 luctum
786 2197 934 2262 hauriunt
953 2198 1129 2262 maximum.
1175 2196 1329 2274 Clamant,

164 2304 258 2361 oront
280 2304 408 2379 peccata
434 2297 630 2378 confitentur,
652 2306 769 2379 parant
789 2308 930 2362 mortem.
954 2295 1060 2361 Rebus
1080 2295 1221 2362 adversis
1234 2295 1328 2359 animi

164 2398 299 2463 omnium
326 2404 400 2462 sunt
422 2398 609 2479 perturbati.

249 2497 328 2563 Ecce
351 2499 381 2562 in
404 2497 536 2564 miseriis
557 2498 707 2562 auxilium
720 2498 758 2578 ⁵).
787 2496 974 2562 Gudefridus
995 2497 1152 2577 ceterique
1173 2496 1329 2578 principes

164 2595 294 2662 alterius
323 2601 497 2679 exercitus
530 2599 704 2680 irruptione
739 2596 1012 2660 vehementissima
1037 2597 1068 2661 in
1101 2597 1207 2662 hostes
1235 2597 1328 2680 lecta,

166 2695 341 2775 praedones
361 2717 398 2763 ac
419 2699 562 2763 latrones
582 2698 736 2776 occidunt,
759 2695 955 2778 propulsant,
976 2697 1006 2764 in
1030 2697 1348 2779 fugamcoujiciunt..
1392 2748 1394 2754 .

165 2795 354 2860 Brevissima
376 2803 515 2879 tompore
529 2798 636 2862 hostes
655 2805 730 2863 sunt
744 2798 826 2877 victi,
838 2795 1000 2862 christiani
1018 2798 1160 2862 victores.
1185 2787 1328 2861 Hostium

163 2877 308 2977 princeps¹
344 2897 428 2960 solus
460 2917 493 2963 se
522 2899 634 2980 recipit
663 2898 694 2960 in
719 2897 826 2961 collem
846 2893 996 2976 vicinum,
1025 2898 1125 2962 denuo
1148 2893 1329 2974 restiturus,

163 2995 224 3062 Sed
252 2995 444 3062 Godofridus
474 2997 573 3064 multo
598 2997 781 3062 sudoreac
810 2997 917 3061 labore
944 2998 1045 3077 ipsum
1075 2997 1243 3086 fortissime
1274 3018 1338 3080 ags

163 3183 455 3193 *nn—...n-

234 3266 260 3335 1)
279 3237 341 3320 Alb.
360 3265 412 3336 Aq.
432 3266 467 3320 11.
484 3267 534 3350 403
552 3283 639 3334 quum
653 3265 714 3335 jam
733 3267 769 3320 ad
786 3233 908 3334 'quatuor
922 3265 1011 3320 inillia
1023 3267 1056 3320 de
1069 3267 1190 3322 exercitu
1204 3267 1329 3323 christin-

163 3370 262 3407 norum
280 3352 309 3406 in
327 3371 412 3407 manu
431 3353 527 3407 hostili
545 3347 718 3417 cecidissent,
733 3353 852 3407 nuncius
870 3354 906 3408 ad
925 3354 1017 3408 castra
1036 3347 1119 3408 Ducis
1137 3355 1223 3409 venit.

235 3456 263 3526 2)
282 3455 372 3510 Ruim.
391 3475 416 3526 p.
437 3457 498 3510 142:
519 3457 635 3510 aberant
652 3456 728 3511 enirn
746 3475 795 3527 per
814 3458 869 3511 duo
886 3456 1015 3512 miliaria.
1101 3455 1104 3461 ’

231 3559 259 3628 3)
277 3559 367 3615 Raim.
387 3561 405 3614 l.
426 3579 462 3616 a:
482 3560 531 3614 ubi
550 3565 644 3616 autem
662 3562 780 3616 nuncius
799 3560 954 3616 Boamundi
972 3561 1001 3615 in
1019 3562 1110 3622 castra
1128 3561 1217 3626 venit,
1237 3577 1330 3615 omnes

162 3645 291 3700 certatim
316 3663 402 3717 equos
426 3649 455 3702 et
479 3649 720 3719 arma-arripiunt.
751 3649 813 3702 Alb.
832 3650 884 3717 Aq.
903 3649 938 3702 ll.
956 3649 1000 3701 tl:
1019 3650 1155 3726 tunquam
1171 3647 1194 3700 si
1213 3649 1249 3702 ad
1267 3666 1330 3702 eon·

163 3731 266 3787 virium
291 3736 455 3788 vocarentur
479 3735 602 3788 omnium
626 3735 802 3800 deliciarum,
826 3735 962 3790 festinant
985 3751 1178 3806 arnnacapcre
1197 3736 1330 3789 -etad

163 3820 308 3889 sexaginta
326 3821 415 3875 millia
433 3822 560 3892 equitum
578 3841 592 3878 e
611 3823 707 3878 castris
725 3823 877 3892 procedunt
903 3841 965 3880 cum
983 3824 1074 3876 cetera
1092 3839 1176 3875 manu
1202 3821 1330 3892 pedestri.

233 3924 262 3993 4)
279 3905 374 3979 Fulch.
394 3927 432 3980 V:
452 3929 585 3994 tanquam
606 3943 670 3981 oves
688 3919 755 3981 ovili
774 3927 883 3980 clausae
906 3926 1031 3993 undique
1049 3925 1231 4002 vallabamur.
1268 3926 1329 3979 Alb.

164 4007 217 4077 Aq.
233 4009 268 4064 ll.
288 4013 333 4066 39:
354 4013 435 4066 'Purci
452 4013 650 4068 mortificantes
669 4013 783 4084 pedites,
801 4012 969 4086 peregrinos,
987 4013 1103 4086 puellas,
1116 4012 1253 4092 mulieres,
1267 4029 1330 4086 pur·

164 4095 242 4149 vulos
259 4115 292 4151 ac
309 4117 394 4164 senos,
412 4100 484 4154 nulli
501 4102 646 4170 parcentes
664 4099 762 4158 aetati.

232 4200 260 4270 5)
280 4202 342 4257 nto.
361 4205 596 4274 Aq.11.41-43.
