3138 4912
840 370 898 430 44-

361 559 430 636 Qua
444 553 556 643 'pugna
579 567 720 642 pugnata
743 561 904 626 christiani
919 562 1080 626 castellum
1096 582 1113 627 e
1128 564 1254 644 regione
1271 563 1442 628 Turcarum

211 659 215 668 '
275 660 380 738 pontis
395 668 569 742 exstruunt,
583 661 664 741 quod
680 651 835 743 principes
853 663 1072 727 cornureudaut
1084 663 1250 728 Raimuudi
1267 663 1385 727 tutelae
1399 662 1442 745 ¹).

358 759 488 824 Duabus
509 760 652 841 partibus
674 763 799 826 omnino
828 755 964 828 obsessis
992 764 1119 827 tertiam
1145 769 1266 842 partem
1299 763 1443 828 obsidere

276 865 308 922 et
329 865 450 940 portam
472 860 516 940 St.
542 859 668 940 Georgii
697 861 842 944 claudere
871 862 1049 928 moliuntur.
1101 863 1312 940 Quamobrem
1338 864 1443 928 muni-

276 965 381 1024 menta
408 966 483 1024 ante
502 959 594 1025 ⁴hanc
621 968 744 1042 portam
772 962 951 1026 instituunt.
1001 960 1101 1028 Nemo
1137 970 1243 1027 autern
1272 964 1442 1042 iuvenitur,

277 1060 329 1139 qui
353 1059 452 1124 locum
484 1065 628 1124 tenturus
657 1062 699 1126 sit
725 1061 1031 1142 periculosissimum.
1080 1062 1219 1152 Tandem
1240 1063 1443 1151 ,Tancredus

269 1158 348 1223 ‘inde
370 1178 389 1224 a
412 1159 573 1225 cunabulis
595 1161 741 1241 pericula
771 1179 898 1241 amans,
929 1157 1122 1243 principibus
1144 1161 1444 1244 eiquadringentas

276 1258 418 1324 marchas
441 1259 598 1342 pollicitis
619 1261 658 1325 ad
681 1260 779 1325 locum
798 1262 962 1326 tenendum
988 1281 1020 1326 se
1042 1268 1186 1343 paratum
1204 1281 1272 1326 esse
1291 1263 1440 1328 declarat.

218 1353 221 1360 ’
277 1347 383 1422 Fidem
405 1360 543 1438 serravit
594 1359 747 1424 Hostibus
769 1369 918 1442 perpetuo
941 1360 1000 1426 luit
1021 1362 1132 1426 terrori
1145 1360 1187 1443 ²).

358 1458 493 1541 Tempus
522 1460 650 1542 propius
678 1461 812 1540 accedit,
851 1479 912 1541 quo
943 1461 1019 1526 urbs
1046 1462 1226 1543 Antiochia,
1255 1461 1441 1525 necessitate

276 1571 396 1638 coacta,
425 1561 455 1624 in
487 1559 634 1652 ditionem
664 1561 836 1640 principum
867 1561 1110 1626 christianorum
1137 1579 1171 1626 se
1193 1561 1297 1626 dedat.
1341 1561 1456 1642 Quam
1557 1583 1558 1606 ¹

207 1729 210 1738 ¹
275 1659 466 1724 deditionem
497 1659 592 1723 elficit
620 1660 828 1726 boamundus.
880 1661 949 1724 Non
973 1661 1012 1726 de
1039 1660 1137 1725 nihilo
1160 1662 1236 1741 agit.
1280 1661 1328 1724 Ex
1349 1660 1442 1726 ltalia

274 1758 432 1841 profectus
446 1759 513 1824 sola
529 1759 709 1840 cupiditate,
731 1762 820 1840 regui
842 1761 874 1824 in
893 1761 985 1825 terris
1001 1761 1174 1842 peregrinis
1190 1761 1249 1826 sihi
1271 1761 1442 1841 statuendi,

275 1859 375 1924 ardet.
426 1859 571 1924 Nondum
607 1858 731 1940 expleta
760 1867 818 1924 est
854 1861 1017 1942 cupiditas
1069 1861 1160 1926 Nunc
1189 1863 1293 1943 ipsum
1321 1868 1442 1942 tempus

276 1958 385 2024 adesse
410 1960 469 2042 ipsi
497 1959 630 2023 videtur.
681 1959 878 2024 Antiochiam
908 1961 1008 2041 ipsam
1038 1969 1133 2043 caput
1165 1963 1253 2041 regni
1282 1960 1441 2026 statuendi

275 2058 334 2121 sibi
356 2059 459 2139 elegit.
503 2059 609 2136 Quare
625 2060 743 2123 nullam
756 2060 947 2124 occasionem
962 2061 1102 2140 dimittit,
1124 2059 1299 2125 admirabili
1312 2061 1442 2138 audacia

276 2176 314 2222 ac
336 2159 451 2224 virtute
474 2160 585 2226 eximia
608 2159 678 2224 aliis
700 2160 879 2226 excellendi.
930 2160 1101 2225 Christiani
1121 2180 1214 2242 quum
1236 2165 1292 2223 ant
1294 2178 1311 2235 e
1278 2160 1404 2223 ttAn
1382 2166 1441 2223 t·ro

187 2271 190 2276 '
276 2257 501 2340 chiaminopia
523 2279 643 2324 summa
671 2264 868 2341 premantur,
895 2261 1051 2343 principes
1074 2262 1171 2346 cogit
1199 2261 1305 2322 An
1308 2253 1440 2322 rochrae
1554 2323 1558 2326 .,

273 2360 499 2439 possessiouem
523 2359 753 2440 adipiscendam
773 2360 830 2423 sibi
845 2360 965 2424 cedant.
1010 2359 1047 2424 S
1049 2361 1151 2426 udro
1144 2359 1310 2440 irrequieto
1333 2375 1440 2421 omnes

274 2458 403 2523 adhibet
389 2459 537 2540 tvires,
585 2467 619 2524 ut
607 2462 704 2523 tAn
708 2460 818 2524 tiochia
860 2461 1055 2526 devincatur.
1115 2459 1300 2539 Assequitur
1338 2457 1439 2568 linem.

275 2552 439 2640 Cupiditas
461 2559 602 2642 expletur
613 2561 651 2642 ³).
1119 2585 1122 2590 ⁴

357 2662 520 2726 Armenius
541 2661 667 2742 quidam
680 2663 718 2740 ⁴),
741 2662 834 2735 Firuz
849 2661 980 2739 nomine,
1005 2660 1035 2722 in
1053 2659 1138 2722 urbis
1154 2663 1226 2739 part
1213 2657 1440 2722 teoccidentali

275 2761 452 2840 praelectus
473 2761 621 2841 praesidii
644 2761 740 2825 turris
762 2760 935 2840 angularis,
958 2758 1090 2838 injurias
1113 2775 1132 2821 a
1154 2758 1232 2838 Ragi
1254 2759 1361 2838 Sijano
1384 2756 1441 2820 sibi

274 2861 379 2926 illatas
402 2861 506 2926 ulcisci
531 2861 670 2926 molitur.
716 2861 796 2925 (lum
820 2858 1003 2922 boamundo
1026 2858 1156 2950 consilia
1177 2858 1338 2922 consociat
1358 2858 1441 2921 elan-

275 2961 409 3042 destina,
432 2963 587 3042 quomodo
607 2967 639 3026 et
652 2961 778 3043 quando
795 2959 880 3024 urbis
895 2958 1110 3023 obsessoribus
1130 2958 1249 3022 aditum
1261 2957 1440 3038 patefaciat.

274 3061 344 3125 Nox
367 3062 430 3126 diei
449 3068 519 3142 sept
506 3062 573 3126 timi
595 3062 709 3125 mensis
724 3060 810 3126 Junii
832 3059 1010 3123 destinatur
1022 3059 1061 3139 ὅ).
1085 3059 1152 3122 111
1175 3058 1346 3170 composito
1361 3057 1440 3130 Boa-

343 3314 370 3383 2)
389 3313 434 3367 W
452 3308 481 3366 Τ.
500 3306 533 3377 ΣΤ,
552 3313 576 3366 8.
614 3312 719 3382 111111.-
716 3313 784 3382 „pi
771 3313 828 3366 148
865 3311 939 3382 (1111.
958 3312 1004 3365 19..
1035 3311 1105 3364 aad.
1126 3311 1187 3363 50-
1188 3309 1237 3362 ·.52

277 3391 281 3397 ’
343 3399 518 3468 elaeusa
556 3399 886 3463 W.T.,V13..16-1r
1013 3397 1049 3426 '⁴

342 3486 435 3555 ’4)111.
450 3485 489 3541 „T
516 3485 814 3585 V,18-22.1taim
839 3503 865 3554 p.
891 3485 949 3539 149.
996 3483 1057 3537 Alb.
1077 3455 1130 3551 Aq.
1150 3481 1201 3549 lV,
1227 3481 1336 3535 18-24,
1372 3479 1441 3532 aad

275 3572 342 3644 66-
345 3572 386 3626 67
422 3572 496 3626 Gest.
516 3573 557 3626 20.

345 3658 480 3727 billainr.
507 3677 532 3728 p.
552 3659 617 3713 149.
644 3658 728 3726 capta
750 3661 793 3712 est
819 3657 908 3730 igitur
932 3657 1030 3712 civibus
1055 3653 1218 3709 Antiochiae
1244 3651 1330 3707 tertio
1357 3627 1443 3704 nonas

275 3745 361 3809 Junii,
380 3746 488 3799 obsessa
506 3747 600 3799 autern
621 3743 733 3798 circiter
751 3744 894 3798 undecimo
909 3743 1020 3798 kalend
1038 3742 1172 3797 Novemb

380 3833 441 3886 Alb.
461 3833 512 3901 Aq.
532 3832 580 3896 11,
599 3831 646 3884 25:
671 3831 742 3884 feria
761 3831 875 3905 quinta
877 3832 938 3884 erat
954 3829 1012 3884 dies
1030 3827 1210 3891 serenissima,
1230 3827 1341 3895 quando
1359 3791 1442 3878 tertio

276 3935 338 3972 non.
376 3918 454 3972 Junii
475 3918 574 3972 mensis
592 3917 700 3972 tradita
718 3920 746 3972 et
763 3919 845 3988 capta
862 3901 904 3992 est
921 3916 1020 3971 civitas
1040 3914 1197 3969 Antiochia.
1238 3974 1241 3980 ¹

378 4005 473 4059 Fuleh
487 4004 565 4058 VllI:
592 4003 660 4058 Ab
652 4021 711 4073 rpso
730 4006 824 4059 autem
842 4021 934 4058 mense
947 3987 1066 4068 Octobri,
1086 4018 1173 4073 usque
1190 4001 1257 4054 dum
1271 3997 1442 4058 subintraret·

275 4092 375 4149 lunius
393 4090 508 4155 mensis,
528 4090 604 4144 urbis
624 4090 729 4144 obsidio
746 4089 917 4160 perdurarit.

380 4179 485 4234 Kemal.
504 4197 530 4248 p.
547 4177 658 4232 36-39.
