3138 4912
838 373 857 432 4

348 564 417 643 Qun
441 574 545 632 mente
567 567 679 632 ductus
701 567 793 632 efficit
817 568 1004 650 Gregorius,
1034 573 1070 632 ut
1091 585 1242 649 paparum
1265 567 1431 635 electiones

262 663 336 728 solis
354 667 567 731 cardinalibus
588 668 740 749 episcopis
762 668 1028 732 commendentur.
1071 667 1247 749 Antequam
1264 668 1433 749 Gregorius

262 767 329 845 ipse
350 768 388 830 ad
413 767 519 830 sedem
541 768 745 848 apostolicam
766 773 980 849 promovetur,
1004 768 1071 847 eins
1094 768 1229 849 impulsu
1250 771 1432 848 auctoritas,

261 884 324 948 qua
347 866 470 930 nobiles
494 867 624 931 Romani
648 868 678 932 in
703 887 785 950 papa
808 868 951 949 eligendo
972 868 1136 948 valebant,
1163 869 1223 948 jam
1248 868 1350 932 deleta
1373 876 1430 934 est.

262 967 375 1030 invitis
413 967 569 1031 nobilibus
605 969 755 1032 Romanis
792 969 940 1032 Nicotaus
963 968 992 1031 ll
1031 986 1115 1048 papa
1150 986 1235 1032 anno
1270 968 1432 1034 millesimo

263 1069 524 1148 quinquagesimo
554 1074 665 1132 octavo
696 1073 744 1132 est
774 1068 904 1132 electus.
956 1066 1045 1130 Hanc
1078 1067 1300 1131 auctoritatem
1336 1070 1432 1151 impe-

263 1167 378 1230 ratoris
401 1165 580 1231 Germanici
604 1168 702 1248 ipsius
731 1166 819 1232 delet
843 1167 1018 1247 Gregorius
1039 1185 1139 1247 papa,
1176 1169 1228 1248 qui
1259 1167 1300 1232 ad
1328 1169 1431 1234 sedern

264 1265 465 1347 apostolicam
490 1273 709 1348 promovetur,
736 1266 869 1330 Henrico
892 1266 934 1330 lV
965 1269 1154 1347 imperatore
1176 1286 1239 1331 non
1260 1285 1399 1333 assensu.

345 1366 413 1444 Qua
432 1373 536 1430 mente
559 1365 672 1437 ductus
694 1364 790 1430 efficit
813 1366 996 1448 Gregorius,
1027 1376 1062 1431 ut
1091 1369 1246 1454 principes
1276 1367 1433 1438 seculares

263 1485 296 1530 se
319 1467 466 1530 abdicent
483 1467 563 1548 jure,
585 1485 645 1547 qno
668 1467 830 1547 episcopos
850 1473 882 1530 et
903 1467 1034 1531 abbates
1055 1467 1226 1535 officiorum
1249 1469 1432 1549 insignibus

263 1568 379 1632 annulo
402 1573 435 1630 et
456 1566 581 1644 baculo,
608 1583 705 1646 usque
734 1567 838 1631 adhuc
868 1567 1046 1633 investiant.
1098 1567 1214 1648 Legem
1238 1570 1367 1646 statuit,
1398 1577 1433 1636 ut

71 1646 216 1792 W
254 1665 715 1748 mesonma-saeuisse
731 1665 865 1730 officium
889 1665 1131 1732 ecclesiasticum
1156 1687 1173 1730 e
1196 1667 1266 1731 laici
1288 1669 1432 1735 menibus

264 1767 408 1848 accipiat.

346 1867 414 1947 Qua
436 1873 543 1930 mente
565 1866 678 1930 ductus
701 1864 796 1930 elficit
819 1865 1006 1945 Gregorius,
1037 1870 1073 1929 ut
1101 1865 1204 1930 clerici
1235 1867 1432 1932 matrimonio

265 1969 333 2048 ipso
355 1985 388 2030 se
410 1965 592 2030 abdicantes
614 1963 745 2028 vinculis
761 1962 947 2029 firmissimis
962 1983 1030 2029 cum
1044 1965 1174 2036 ecclesia
1190 1967 1431 2048 conjungantur.

265 2067 379 2132 Omnes
400 2065 529 2130 clericos
553 2083 621 2128 esse
643 2064 776 2128 caelibes
798 2069 830 2126 et
852 2082 924 2144 eos,
948 2065 1001 2144 qni
1028 2083 1153 2128 uxorem
1176 2066 1207 2127 in
1231 2066 1432 2130 matrimonio

264 2167 415 2244 habeant,
437 2184 564 2229 uxorem
586 2164 743 2228 dimittere
762 2163 860 2247 jubet.

348 2267 416 2345 Qua
454 2271 558 2329 mente
595 2265 709 2328 ductus
748 2261 844 2326 efficit
877 2265 1068 2346 Gregorius,
1107 2268 1141 2329 ut
1177 2281 1283 2328 ornnes
1320 2263 1431 2342 populi
1537 2327 1548 2340 ,

267 2369 427 2437 christiani
442 2367 616 2431 excitentur
632 2370 663 2427 et
677 2383 709 2427 se
724 2370 853 2444 paratos
875 2365 1012 2430 babeant
1033 2365 1073 2428 ad
1096 2363 1209 2428 bellum
1233 2361 1430 2426 inferendum

265 2479 297 2537 et
310 2471 470 2534 interitum
483 2466 659 2548 parandum
675 2463 796 2540 Tuscis,
817 2465 870 2544 qni
886 2449 1083 2558 diruplerint
1098 2462 1258 2542 imperium
1274 2479 1432 2542 graecum,

265 2555 459 2668 irruplerint
485 2567 517 2630 in
547 2573 665 2629 terram
699 2571 856 2643 sanctam,
889 2563 1082 2643 arripuerint
1111 2559 1286 2642 sepulcrum
1312 2560 1431 2626 Christi

265 2669 473 2750 redemptoris
488 2666 522 2746 ¹).

337 2803 363 2872 1)
382 2801 463 2872 Greg.
482 2797 561 2870 epist.
580 2797 600 2862 I,
618 2798 665 2852 46:
686 2797 729 2852 Ad
740 2796 920 2852 Guffielmum
938 2794 1066 2852 comitem
1079 2794 1312 2866 Burgundiae....
1335 2793 1433 2862 Neque

266 2889 384 2945 enimse
404 2885 533 2941 condecet
555 2883 679 2938 oblivisci
702 2881 902 2954 promissionis,
931 2899 987 2950 qua
1011 2881 1068 2935 Deo
1094 2898 1122 2936 se
1147 2880 1284 2951 obligavit
1309 2878 1433 2934 valentia

266 2979 366 3039 vestra,
385 2979 418 3026 ut
435 2988 608 3041 quacumque
628 2970 696 3024 hora
714 2987 822 3025 necesse
839 2967 945 3032 ferisset,
964 2969 1057 3022 vestra
1074 2985 1173 3021 manus
1192 2969 1227 3020 ad
1246 2965 1433 3020 dimicandum

266 3081 316 3134 pro
334 3059 491 3116 defensione
508 3075 600 3112 rerum
618 3057 657 3111 st.
675 3057 752 3111 Petri
775 3073 831 3109 non
854 3056 977 3119 deesset,
1009 3053 1145 3122 siquidem
1171 3053 1306 3122 requisita
1329 3050 1432 3105 inisset.

266 3150 345 3205 Unde
362 3161 506 3217 rogamus,
530 3145 563 3196 ut
583 3141 754 3213 praeparetis
778 3143 885 3196 vestrae
910 3140 1027 3194 militiae
1048 3139 1242 3194 fortitudinem
1265 3139 1301 3192 ad
1324 3153 1433 3192 succur-

267 3236 383 3292 rendum
404 3232 546 3286 Romanae
563 3228 693 3284 ecclesiae
711 3226 848 3291 libertati;
874 3226 990 3290 scilicet,
1018 3225 1040 3279 si
1063 3242 1170 3280 necesse
1189 3224 1288 3288 inerit,
1317 3221 1433 3278 veniatis

266 3325 321 3381 huc
338 3339 400 3377 cum
419 3317 542 3374 exercitu
566 3317 657 3370 vestro
679 3313 708 3371 in
735 3312 847 3368 servitio
867 3312 906 3366 st.
924 3311 1008 3368 Petri.
1050 3312 1108 3366 Hos
1135 3311 1209 3365 idem
1234 3327 1364 3380 rogamus
1387 3327 1434 3364 vos

267 3425 378 3468 monere
401 3405 530 3462 comitem
557 3399 728 3470 sategisti
752 3401 782 3453 et
805 3414 928 3452 socerum
951 3397 1079 3452 Riccardi
1100 3396 1225 3466 Capuani
1250 3396 1381 3467 principis
1406 3397 1435 3450 et

268 3496 422 3552 Amadeum
444 3491 534 3546 filium
559 3487 705 3542 Adelettae
731 3486 907 3552 caeterosque
934 3500 1003 3552 quos
1025 3482 1189 3552 cognoscitis
1216 3483 1255 3537 st.
1274 3483 1351 3540 Petri
1378 3500 1434 3538 esse

266 3583 373 3646 fideles,
401 3581 429 3635 et
452 3577 501 3647 qui
526 3574 655 3630 similiter
678 3571 805 3626 manibus
832 3569 868 3625 ad
892 3569 1000 3624 coelum
1025 3568 1145 3624 extensis
1171 3569 1321 3640 promisere
1323 3610 1433 3624 .....

268 3671 415 3741 Speremus
441 3665 526 3719 etiam
554 3661 628 3730 qnod
653 3659 769 3713 forsitan
799 3657 855 3712 alia
883 3657 947 3710 inde
973 3655 1082 3710 utilitas
1110 3655 1230 3721 oriatur;
1266 3656 1372 3710 scilicet
1394 3658 1434 3720 ut,

267 3755 374 3828 pacatis
391 3749 572 3813 Normannis‚
594 3749 767 3800 transeamus
785 3741 1051 3812 Constantinopolim
1069 3742 1098 3796 in
1117 3741 1287 3812 adjutorium
1308 3742 1434 3796 christia·

267 3859 374 3905 norum,
393 3837 448 3908 qui,
467 3835 584 3892 nimium
602 3831 699 3888 afflicti
716 3828 888 3885 creberrimis
907 3828 1042 3884 morsibus
1053 3827 1274 3893 Sarracenorum,
1293 3829 1435 3883 inhianter

268 3927 409 3999 flagitant,
430 3926 463 3977 ut
482 3921 535 3977 sibi
553 3937 667 3975 manum
683 3917 771 3972 nostri
791 3916 890 3972 auxilii
909 3915 1092 3986 porrigamus.

385 4013 406 4075 I,
422 4011 457 4063 le
478 4010 515 4063 ad
532 4023 626 4062 omnes
644 4003 822 4060 christianos:

338 4095 542 4156 ....Scitote
561 4093 649 4166 igitur
670 4110 718 4146 nos
742 4108 855 4162 parare,
884 4091 917 4143 ut
945 4088 1116 4159 adjutorium
1140 4085 1293 4141 christiano
1318 4084 1435 4154 imperio

268 4205 352 4256 qnam
377 4185 459 4240 citius
481 4181 538 4236 Deo
561 4180 680 4250 juvante
703 4177 844 4232 iaciamus.
891 4176 969 4230 Unde
995 4193 1042 4230 vos
1068 4175 1254 4236 obsecramus,
1281 4172 1314 4225 ut
1337 4173 1366 4226 et
1387 4188 1434 4225 vos
