3138 4912
833 427 852 487 b

221 697 223 702 ,
348 621 458 686 ltaliae
479 621 635 686 inferioris
658 622 786 704 imperio
808 620 903 702 potiti
927 610 1002 686 sunt
1024 621 1127 686 seculo
1150 621 1268 684 decimo
1296 629 1431 686 exeunte

192 787 195 793 ,
267 721 453 803 Narmaunip
469 724 626 804 principes
650 722 761 787 occulti
781 731 813 788 et
834 722 941 800 astuti,
964 724 1050 786 avari
1072 729 1104 785 et
1124 722 1271 794 infideles.
1314 723 1430 801 Jugum

266 822 502 902 grauissimum,
547 841 603 904 per
635 822 749 912 multos
790 839 887 886 annos
927 821 1103 902 perlatum,
1155 821 1260 903 populi
1299 822 1432 902 dejicere

220 971 222 975 .
251 919 498 1003 ‚desiderant¹l.
535 929 536 932 ’
1142 998 1143 1002 ¹

348 1005 389 1068 Et
425 1006 611 1072 Germaniae
643 1004 750 1087 populi
791 1004 973 1068 desiderant
1003 1009 1105 1069 status
1139 1005 1291 1068 meliores.
1335 1003 1432 1084 Cujus

268 1107 372 1166 terrae
390 1105 489 1185 ipsius
512 1111 654 1187 tempora
676 1111 751 1170 sunt
772 1104 1016 1168 seditiosissime.
1060 1099 1327 1187 Regni'principes
1345 1104 1433 1168 multi

269 1202 405 1267 Heurico
445 1206 627 1286 imperatori
658 1205 817 1284 denegant
854 1204 1072 1269 obedientiam.
1117 1205 1250 1268 Henrico
1289 1224 1356 1269 cum
1397 1205 1434 1267 iis

268 1304 469 1382 pugnandum
501 1311 565 1384 est,
597 1311 632 1370 ut
652 1323 705 1366 eos
728 1303 767 1368 ad
789 1303 995 1367 obedientiam
1022 1303 1147 1384 redigat
1168 1305 1315 1368 debitam.
1357 1302 1434 1367 Gre-

269 1403 377 1480 gorius
406 1421 489 1486 papa
519 1411 552 1469 et
573 1423 766 1468 successores
796 1403 976 1484 postulant,
1018 1409 1054 1467 nt
1084 1404 1238 1469 Henricus
1264 1406 1436 1484 imperator

270 1506 421 1580 potestati
442 1503 671 1568 ecclesiasticae
694 1521 762 1568 sese
784 1501 935 1583 subjiciat.
973 1503 1127 1569 Henrieus
1150 1524 1219 1571 cum
1241 1506 1279 1568 iis
1293 1519 1436 1586 pugnau-

271 1603 344 1668 dum
369 1611 427 1684 est,
451 1611 485 1669 ut
506 1606 555 1687 jus
578 1623 666 1668 suum
688 1603 837 1667 obtineat.
882 1604 980 1682 Regni
1003 1605 1085 1669 cives
1111 1611 1286 1687 temporum
1305 1624 1434 1688 oppres·
1528 1599 1531 1605 ’

271 1703 388 1767 sienem
409 1721 553 1784 magnam
579 1705 751 1783 aegerrime
773 1702 886 1766 ferunt.
899 1705 929 1782 ᾖ)

265 1816 268 1820 ·
352 1802 422 1868 Huc
444 1805 576 1885 accedit,
606 1810 640 1868 ut
668 1804 754 1867 multi
778 1803 917 1866 homines
946 1807 1124 1870 exoriente
1156 1807 1275 1871 reversi
1304 1802 1437 1871 omnium

270 1903 684 1969 oculos-denuoconvertant
698 1905 727 1966 in
744 1904 897 1966 orientem
913 1907 950 1986 ³),
960 1908 1145 1986 praesertim
1160 1909 1201 1972 ad
1218 1909 1434 1989 Hierosolyma

272 2008 304 2066 et
327 2003 366 2066 ad
390 2003 563 2085 sepulcrum
586 2003 711 2068 Christi.
755 2004 905 2079 Nuntium
928 2006 1008 2069 enim
1030 2006 1176 2080 afferunt,
1196 2008 1438 2073 christianorum

273 2103 446 2166 interram
478 2109 618 2168 sanctam
645 2103 908 2184 proficiscentium
943 2106 1046 2187 ibique
1081 2109 1270 2172 morantium
1295 2111 1439 2174 misrrias

272 2219 308 2266 ac
331 2202 532 2267 difficultates
555 2221 615 2267 non
638 2203 737 2267 solum
760 2223 829 2267 esse
850 2205 942 2268 nimis
964 2223 1105 2285 magnas,
1127 2207 1180 2270 sed
1203 2207 1297 2270 etiam
1324 2209 1353 2270 in
1372 2209 1438 2272 dies

189 2365 192 2370 .
273 2321 422 2384 crescere,
454 2303 539 2384 qued
570 2303 718 2368 Saraceni
748 2305 808 2367 vim
833 2311 865 2367 et
893 2305 1097 2369 crudelitates
1122 2313 1285 2369 exerceant
1306 2305 1438 2370 inchri-
1539 2337 1548 2342 ·

273 2403 404 2468 stianos.
435 2404 534 2468 Nemo
556 2405 679 2484 quidem
702 2404 840 2485 exponit,
855 2405 1012 2485 quomodo
1027 2404 1229 2469 difficultates
1248 2423 1284 2470 ac
1294 2406 1438 2469 miseriae

162 2557 165 2562 .
218 2503 226 2514 ”
275 2504 438 2568 demedio
463 2505 526 2568 sint
550 2503 726 2586 tollendae3
749 2523 840 2568 neme
864 2504 1067 2584 (leuronstrat
1088 2506 1243 2584 quomodo
1266 2505 1437 2570 occidentis

276 2603 381 2686 populi
409 2605 523 2668 auxilio
553 2605 681 2668 veniant
710 2603 841 2668 orientis
871 2603 1031 2667 fratribus.
1076 2603 1181 2670 Nihilo
1211 2609 1315 2670 tamen
1338 2605 1439 2670 secius

278 2721 340 2766 non
362 2710 411 2767 est
433 2702 577 2781 dubium,
608 2705 683 2783 quin
713 2702 866 2783 expeditio
895 2704 926 2766 iu
958 2711 1073 2767 terram
1099 2710 1241 2769 sanctam
1265 2707 1440 2786 necessarie

179 2827 181 2833 ·
275 2804 318 2866 sit
338 2803 495 2883 facienda;
510 2821 565 2867 nec
579 2804 742 2884 quisquam
767 2803 900 2881 dubitat,
922 2803 1027 2867 auxilii
1050 2803 1098 2868 his
1122 2807 1243 2870 miseris
1258 2807 1303 2870 ita
1318 2807 1439 2870 terendi

192 2903 194 2908 '
274 2901 406 2967 officium
442 2903 500 2968 sibi
533 2903 693 2983 imponere
715 2903 806 2966 etad
831 2921 900 2982 eos,
933 2903 958 2966 si
989 2903 1054 2967 lieri
1077 2907 1196 2984 possit,
1225 2907 1438 2972 aTurcarem

272 3005 348 3087 jugo
370 3003 550 3076 liberandos
573 3023 640 3068 sese
664 3002 779 3066 habere
797 3010 956 3084 paratum.

163 3261 164 3268 ,
274 3211 397 3278 patrare,
416 3226 473 3264 sese
492 3209 610 3264 invicem
628 3209 740 3262 tradere
758 3224 807 3276 pro
825 3206 912 3261 nihilo
931 3207 1045 3262 dudunt.
1065 3248 1071 3262 .
1091 3249 1097 3261 .
1132 3207 1253 3272 Quarum
1278 3225 1369 3262 rerum
1390 3223 1437 3260 rex

274 3297 377 3359 vester,
397 3295 446 3363 qui
464 3311 520 3349 non
537 3313 599 3359 rex,
618 3296 666 3349 sed
683 3296 820 3364 tyrannus
839 3293 1042 3359 dicendusest,
1057 3295 1194 3349 ¹suadente
1211 3294 1335 3359 diabolo,
1355 3294 1438 3363 eaput

274 3383 303 3435 et
320 3399 403 3434 causa
424 3384 479 3446 est,
499 3382 547 3450 qui
566 3399 674 3436 omnem
692 3383 815 3436 aetatem
833 3399 911 3435 suam
930 3381 1045 3452 flagitiis
1062 3384 1091 3436 et
1108 3380 1275 3434 facinoribus
1294 3381 1404 3450 polluit.

310 3468 414 3520 Urbani
432 3468 511 3537 epist.
531 3469 566 3521 23
584 3468 682 3537 (Bouq.
702 3468 767 3522 XIV
785 3487 811 3536 p.
832 3468 902 3537 702).

310 3554 379 3608 Ibid.
397 3573 423 3623 p.
440 3556 474 3608 24
491 3556 520 3608 et
539 3572 566 3623 p.
585 3553 653 3608 683.·

346 3657 374 3730 1)Ι
392 3657 500 3712 Stenzel
517 3657 539 3710 Ι.
557 3675 583 3726 p.
602 3655 705 3710 30-32
723 3658 796 3724 etp.
816 3656 959 3711 155-161.

346 3761 373 3828 2)
393 3760 502 3815 Stenae]
519 3760 540 3813 I.
557 3778 583 3830 p.
603 3760 748 3814 all-552.

207 3919 209 3924 ,
346 3866 373 3932 3)
390 3866 482 3919 Baldr.
500 3884 526 3934 p.
546 3864 594 3918 86:
618 3863 786 3918 Videbamus
811 3862 961 3932 aliquando
983 3861 1058 3916 cives
1082 3859 1168 3930 ipsius
1191 3860 1342 3914 Jerusalem
1365 3860 1439 3914 inter

221 3951 223 3956 ’
277 3970 333 4015 noa,
354 3951 491 4005 mendieos
510 3954 539 4006 et
556 3951 657 4005 exules.
684 3951 853 4004 Videbamus
865 3949 1010 4018 indigenas
1024 3947 1439 4011 Antioohiae,casumloooru1u

277 4043 434 4110 sanctorum
453 4039 642 4109 deplorantem
671 4037 777 4106 sibique
792 4036 969 4106 pauperatis,
992 4033 1154 4104 suppliciter
1180 4033 1280 4102 stipem
1299 4033 1438 4103 publicam

276 4127 464 4197 implorantes.
500 4125 596 4194 Aliqui
615 4125 828 4179 condolebamus
842 4123 950 4194 egenis;
967 4122 997 4176 id
1009 4121 1101 4193 ipsum
1115 4120 1252 4192 siquidem
1262 4139 1311 4193 per
1323 4124 1438 4186 nostros,

276 4216 299 4272 si
319 4215 537 4280 revertebantur,
559 4212 718 4285 peregrinos
734 4211 921 4266 audiebamus.
