3138 4912
721 391 760 450 65

158 615 238 662 anno
267 595 431 660 millesimo
463 595 686 676 centesimo¹)‚
722 601 888 677 postquam
925 595 1149 680 Hierosolymis
1179 603 1325 681 regnavit

159 695 310 762 tredecim
332 712 465 760 menses.
492 719 494 724 ’

239 796 350 862 Subito
370 798 413 888 in
436 796 577 862 morbum
600 795 814 860 vehementem
836 795 982 879 delapsus
1004 803 1052 880 et,
1076 799 1222 879 opinione
1244 799 1322 866 ceie-
1437 843 1444 861 .

156 901 239 978 rius,
268 901 378 962 mortis
407 897 516 961 celeris
543 913 638 960 sensu
667 893 844 977 affectus²j
873 897 962 976 regni
985 898 1184 963 nobilitatem
1214 906 1247 964 et
1268 918 1325 981 pa·

160 998 329 1064 triorchem
356 997 396 1061 ad
428 997 543 1060 lectum
572 1000 739 1076 convocat,
772 1003 824 1076 ut,
847 1003 1045 1078 pcccatorum
1067 1001 1250 1065 remissione
1272 1018 1322 1066 ac-

159 1107 264 1180 cepta,
291 1115 328 1162 ex
350 1098 388 1162 iis
411 1102 561 1177 quaerat,
585 1113 678 1176 quem
709 1096 774 1160 sint
797 1097 925 1162 electuri
949 1115 1168 1164 successorem.
1207 1099 1323 1165 Omnes

158 1218 252 1281 quum
275 1198 483 1276 consentiant,
506 1195 675 1260 Godefrido
697 1195 756 1277 ipsi
779 1191 854 1261 iilud
879 1214 949 1261 esse
964 1199 1229 1280 committendum,
1251 1199 1324 1264 Bel-

160 1299 287 1364 duinum
310 1299 441 1362 fratrem
464 1296 610 1376 designat
631 1313 840 1360 successorem
853 1297 890 1378 ³).
936 1297 1004 1375 Quo
1025 1297 1109 1364 fecto
1125 1300 1322 1374 obdormivit.

160 1400 229 1465 Non
252 1403 454 1480 experrectus
477 1403 526 1460 est
548 1417 564 1460 e
586 1414 703 1460 somno.
1092 1453 1094 1457 .

241 1499 431 1564 Godefridus
452 1499 501 1562 vir
522 1497 633 1562 nobilis
655 1497 741 1575 vixit,
762 1495 840 1562 obiit
860 1504 992 1560 mortem
1015 1497 1196 1564 virnobilis.
1220 1499 1325 1576 Quan-

159 1601 393 1680 tulumcumque
423 1597 498 1662 fecit
525 1597 566 1662 ad
596 1615 723 1676 regnum
756 1596 1040 1679 corroborandum,
1067 1605 1172 1663 tamen
1200 1599 1322 1667 laudem

158 1701 185 1766 ei
215 1698 354 1763 tribuere
383 1697 531 1762 debemus
559 1697 737 1762 maximam.
782 1697 887 1777 Fecit,
909 1704 1060 1779 quantum
1084 1701 1187 1780 potuit
1209 1700 1321 1766 facere.

159 1800 301 1880 Regnum
324 1799 471 1863 servarit.

242 1899 330 1963 Inter
350 1898 501 1963 historiae
521 1898 718 1979 germanicae
740 1897 825 1961 viros
854 1897 972 1962 nobiles
994 1897 1185 1964 Godeiridus
1207 1900 1322 1965 Bullio-

163 2000 277 2080 nensis‚
299 1999 587 2085 Hierosolymorum
606 2015 661 2062 rex
676 1997 806 2078 primus,
830 2015 953 2078 semper
974 1997 1129 2074 obtinebit
1149 1999 1253 2064 locum
1274 2002 1322 2066 in·
1407 2079 1408 2082 Ἴ

159 2119 287 2182 signem.

227 2302 252 2370 1)
272 2300 350 2354 wau
370 2300 434 2369 cyr.
453 2298 500 2352 lx.
518 2264 568 2352 aa.
603 2297 698 2351 rursu.
718 2297 760 2350 aa.
795 2295 901 2362 arken.
920 2296 963 2348 ao.

230 2407 258 2475 2)
277 2405 355 2459 Will.
378 2404 442 2474 Tyr.
462 2403 480 2456 l.
496 2419 537 2456 c:
561 2402 653 2458 Mense
672 2401 747 2455 Julio
766 2402 830 2464 dux,
850 2399 944 2454 valida
961 2401 990 2454 et
1005 2401 1153 2456 incurabili
1179 2407 1322 2474 correptus

161 2491 344 2564 aegritudine,
363 2492 508 2560 aegrotare
528 2487 619 2556 coepit
636 2489 673 2542 ad
691 2489 816 2542 mortem.

192 2579 382 2648 AlbertuaAq.
393 2577 467 2648 (VII.
488 2575 532 2644 18)
551 2592 610 2629 rem
622 2575 705 2630 aliter
719 2592 849 2629 narrans:
869 2575 934 2639 dux,
946 2574 1047 2644 inquit,
1055 2593 1104 2645 per
1113 2576 1321 2646 Ptolemaidem,

302 2665 465 2720 Caesaream
489 2665 517 2719 eb
534 2662 660 2732 cayphas
678 2663 788 2732 regredi
808 2661 950 2732 disposuit.
976 2662 1029 2716 eui
1047 2663 1234 2719 Ammiraidus
1253 2665 1320 2722 Oee-

304 2767 398 2806 sareae
423 2750 570 2820 prandium
589 2749 699 2804 obtulit.
736 2750 788 2804 Sed
805 2748 854 2804 ille
874 2748 966 2802 cibum
992 2749 1184 2804 contradicens
1208 2753 1321 2808 tantum

303 2839 337 2893 de
343 2854 425 2907 pomo
430 2838 504 2892 cedri
510 2842 625 2908 gustans
637 2839 703 2907 post
709 2835 846 2891 modicum
854 2835 935 2905 gravi
946 2835 1107 2891 infirmitate
1113 2839 1256 2908 correptus
1268 2841 1320 2895 est.

225 2926 252 2994 3)
271 2925 340 2980 aad.
361 2924 424 2978 142:
450 2923 634 2988 Gottifredus‚
660 2923 696 2988 si,
722 2923 829 2993 inquit,
853 2923 884 2978 in
902 2940 963 2979 mea
981 2913 1321 2994 dispositionestctuitur,

158 3013 326 3066 Bnlduinum
344 3013 458 3066 fratrem
483 3030 575 3068 meum
595 3013 631 3066 ad
650 3013 701 3068 hoo
723 3012 832 3067 eulmen
850 3011 1054 3081 suscipiendum
1071 3011 1201 3068 idoneum
1216 3013 1320 3084 judico.

595 3283 886 3294 Q—a-——n———u-
