3138 4912
814 401 853 460 58

254 593 420 672 nemerim,
451 593 588 657 ecclesiis
615 593 795 675 clericisque
821 615 956 660 munera
985 596 1108 660 dedisse
1137 593 1365 676 largissima'),
1387 602 1420 658 et

162 699 164 703 '
254 692 348 754 inta
351 699 406 756 uta
448 692 542 758 fuisso
569 694 690 773 poten
682 714 730 758 ra
762 702 801 758 ut
831 713 941 759 nomeu
969 695 1128 760 Gorlefrirli
1154 696 1294 760 orruubus
1325 695 1418 758 terris

254 792 360 854 terrae
388 796 477 857 sanct
480 811 516 856 ae
465 791 720 857 tfinitimis
712 796 854 876 injecerit
883 797 1030 893 timorem
1055 813 1101 856 ma
1108 801 1202 908 anrm'
1211 797 1257 874 2)
1289 795 1419 874 eJusque

255 892 385 970 imperio
409 899 440 955 e
443 911 502 954 ram
526 911 611 956 mare
635 894 800 974 subjecerit
812 897 849 975 8).

337 991 424 1068 Quae
447 996 569 1073 quoque
590 994 735 1072 neganda
757 1001 833 1058 sunt
853 995 919 1058 iere
940 997 1051 1059 omnia.
1076 995 1155 1060 Nam
1175 994 1247 1058 hinc
1268 989 1370 1074 sequit
1371 1013 1418 1072 ur,
1449 1040 1451 1045 -

253 1092 336 1172 quod
367 1091 554 1156 Godefridus
585 1091 680 1156 fuerit
709 1112 762 1157 rex
785 1095 1030 1176 potentissimos,
1057 1097 1228 1160 ditissimus
1242 1097 1284 1174 4’),
1307 1093 1419 1158 lelicis·

254 1193 359 1254 simus,
403 1189 537 1254 Constat
559 1197 671 1271 autem,
696 1193 895 1258 Gadesridnm
918 1215 1021 1275 regem
1045 1196 1173 1260 electum
1199 1195 1239 1258 ab
1258 1194 1418 1259 electionis

254 1291 302 1354 die
328 1293 484 1372 usquead
507 1300 636 1356 mortem
659 1312 745 1357 auno
764 1302 837 1375 post
859 1296 975 1360 obitam
998 1298 1027 1360 in
1052 1302 1138 1360 statu
1161 1297 1334 1366 miserrimo
1350 1312 1418 1358 esse

164 1380 166 1384 ’
254 1399 424 1456 versatum.
469 1391 603 1456 Constat
633 1393 836 1459 Gorlefrirlum
873 1395 969 1460 fuisse
998 1415 1102 1474 regem
1134 1386 1366 1477 pauperrimum
1380 1395 1418 1474 ³),

167 1547 170 1554 .
255 1498 417 1573 potestate
440 1509 563 1574 quaque
586 1493 673 1572 regia
694 1504 860 1573 carentem,
887 1496 915 1558 vi
939 1502 1109 1576 temporum
1127 1498 1273 1571 vinctum,
1292 1495 1419 1558 miseria

253 1593 461 1670 cumulatum,
495 1611 615 1672 semper
650 1594 774 1671 (luctum
810 1602 913 1659 meutc
951 1597 1171 1676 voluntateque
1204 1597 1276 1660 boni
1305 1595 1416 1677 publici

249 1693 399 1774 juvandi,
433 1691 487 1755 sed
507 1693 621 1771 ubique
651 1699 806 1758 retentum
832 1694 1048 1760 difficultatum
1072 1697 1271 1760 multitudine
1294 1713 1417 1771 magna.

303 1799 304 1804 ’
336 1792 426 1856 Unde
459 1797 623 1872 praeterea
661 1794 773 1856 sumsit
803 1795 992 1860 Godcfrirlus
1031 1795 1227 1874 facultatem,
1259 1795 1417 1877 pecunias,

253 1892 447 1971 homirres⁸)‚
470 1899 505 1956 ut
527 1893 607 1955 bella
629 1899 754 1972 gereret
777 1895 806 1957 in
829 1895 1131 1976 populos'finitimos,
1145 1897 1223 1960 mari
1240 1897 1419 1978 imperaret,
1476 1975 1481 1982 ῃ
1560 1875 1561 1920 ³

252 1992 447 2056 habitatores
471 1999 575 2056 terrae
602 1993 745 2056 donraret
769 1995 945 2074 indomitos,
962 2001 1063 2060 terrae
1087 1999 1222 2062 muniret
1243 1997 1348 2075 urbes,
1369 2013 1417 2058 sa-

252 2092 308 2154 luti
333 2093 514 2180 prorirlorct
535 2093 706 2159 ecclesiae?

337 2191 549 2257 Nihilominus
593 2193 715 2256 laudem
760 2195 948 2259 Gorlelridus
981 2196 1037 2259 sibi
1079 2195 1199 2274 peperit
1242 2193 1415 2257 mammam.

253 2293 348 2372 Fecit,
372 2299 523 2371 quantum
546 2283 648 2372 potuit
670 2294 789 2370 lacere„
839 2297 980 2374 Regnum
1005 2295 1149 2359 servavit.
1197 2327 1200 2332 ·

336 2392 562 2472 Hierosolymis
592 2397 778 2474 expugnatis
812 2413 887 2475 pars
902 2397 1068 2459 'exercitus
1091 2413 1203 2472 rtragna
1227 2394 1256 2455 in
1278 2391 1412 2472 patriam

252 2491 341 2555 redit.
388 2492 495 2570 Pugna
522 2493 606 2573 apud
638 2494 820 2558 Ascalonem
851 2501 1010 2576 pugnata,
1039 2502 1072 2558 et
1100 2493 1260 2590 principes
1280 2489 1415 2553 reditum

167 2741 170 2748 ·
280 2786 282 2791 .
321 2739 347 2808 ι)
366 2723 470 2794 niuea.
490 2739 530 2792 19.

319 2845 346 2912 2)
366 2843 429 2897 Alb.
448 2843 499 2912 Aq.
517 2844 579 2898 Vll.
600 2845 648 2898 13:
675 2829 906 2899 incubuit'timor
929 2842 1152 2897 christianissimi
1178 2843 1254 2899 ducis
1274 2843 1415 2897 universas

249 2932 342 2984 terres
359 2931 388 2985 et
405 2929 532 3000 regiones
552 2931 686 3001 gentium.

256 3076 259 3083 ,
319 3035 347 3104 a)
367 3035 430 3088 arn.
447 3023 499 3104 ιι,
519 3035 579 3089 ιιι,
600 3036 644 3088 ra:
660 3036 784 3090 mnae
802 3055 834 3090 a>
851 3036 960 3090 munita
978 3035 1093 3099 civitate
1114 3036 1224 3104 raphes,
1239 3022 1275 3089 an
1289 3035 1416 3094 omnious,

136 3115 138 3119 ’
251 3122 342 3192 regnis
369 3123 399 3176 et
422 3121 521 3176 insulis
548 3122 763 3178 christianorum
789 3127 966 3188 mercatores,
981 3123 1055 3178 vitae
1081 3121 1235 3177 necessarie
1258 3123 1414 3188 afferentes,

250 3212 285 3264 ad
303 3209 364 3280 ejus
383 3210 492 3278 portum
511 3209 688 3264 accedebant.

317 3313 426 3382 4.)Alb
446 3309 580 3380 Aq.V11.
600 3315 646 3366 13:
667 3315 801 3368 donorum
820 3313 915 3382 copiae
934 3314 1250 3370 duciaccrescebantin
1268 3315 1415 3377 frumento

249 3400 321 3464 vino,
339 3399 441 3453 hordeo
453 3401 482 3452 et
495 3385 555 3453 oleo
571 3401 726 3469 plusquam
737 3400 994 3470 dieipossit—datis
1006 3401 1165 3456 muneribus
1183 3400 1245 3455 auri
1259 3402 1288 3454 et
1297 3398 1414 3470 argenti

285 3487 347 3540 Alb
367 3487 419 3556 Aq.
439 3485 499 3540 VII.
521 3487 567 3539 16:
597 3489 701 3556 praeda
727 3487 925 3542 innumerabili
954 3487 1077 3556 undique
1114 3488 1257 3542 contracta
1291 3486 1416 3542 homines

397 3571 515 3641 gentiles
534 3573 602 3628 alios
618 3573 760 3638 trucidari,
780 3573 849 3628 alios
863 3573 948 3644 jussit
966 3571 1154 3644 (Godetridus)
1173 3573 1310 3643 captivari
1328 3577 1381 3628 etc.

320 3675 443 3743 5)Will
463 3676 527 3745 Tyr.
546 3678 593 3731 IX.
614 3679 661 3731 22:
682 3679 748 3732 dum
766 3678 823 3731 dux
842 3678 871 3732 et
888 3677 938 3740 sui,
933 3693 1012 3816 (1ιῖ
1020 3695 1082 3730 eum
1101 3693 1146 3742 eo,
1166 3679 1199 3731 ut
1217 3679 1334 3748 regnum
1352 3695 1415 3732 oon-

250 3763 401 3826 servarent,
439 3763 637 3834 Hierosolymis
675 3766 878 3828 remanserant,
909 3764 991 3816 tanta
1017 3764 1178 3818 laborarent
1202 3764 1307 3833 inopia,
1334 3767 1415 3819 tanta

240 3849 443 3924 affligerentur
462 3853 636 3919 paupertate,
656 3853 789 3919 quantam
807 3851 853 3905 vix
869 3846 970 3918 aliquis
987 3851 1070 3904 verbo
1087 3851 1174 3920 possit
1191 3851 1352 3921 exprimere.
1422 3881 1425 3886 v

319 3953 445 4023 6)Will
464 3953 528 4023 Tyr.
547 3953 594 4008 IX.
614 3955 660 4008 19:
685 3956 744 4008 tam
770 3953 895 4010 modicae
926 3955 1008 4016 erant
1037 3956 1193 4009 nostrorum
1219 3955 1367 4010 facultates
1386 3957 1416 4010 et

135 4043 138 4047 '
249 4040 436 4112 militantium
460 4040 564 4110 copiae,
591 4043 638 4104 ut,
667 4041 793 4118 omnibns
816 4041 971 4096 convocetis
990 4043 1027 4096 et·
1036 4035 1164 4096 certatim
1183 4043 1415 4106 concurrentibus

249 4129 296 4190 vix
314 4127 508 4183 invenirentur
526 4127 632 4196 equites
651 4128 771 4186 trecenti
791 4130 821 4183 et
838 4127 964 4207 peditum
983 4129 1038 4191 dno
1054 4127 1151 4191 ιιιιΜ
1243 4189 1246 4196 Ι
