3138 4912
718 372 860 464 ¹ro

337 598 518 678 Quicunque
549 617 587 662 ex
607 597 746 679 equitum
768 615 897 688 numero
922 599 994 664 belli
1016 599 1147 679 gloriam
1167 599 1286 664 frustra
1316 600 1415 663 secuti

255 703 329 760 sunt
316 697 410 761 tvel
443 699 573 778 gloriam
607 699 666 762 sibi
699 698 932 777 acquisiverunt
919 699 1113 778 tdubiam,
1151 717 1267 764 summe
1307 699 1415 793 gavisi,

255 797 381 860 tandem
415 798 474 862 sibi
506 805 561 880 pat
549 798 681 864 tefactas
712 815 781 861 esse
803 797 922 878 gloriae
942 804 1067 880 portas,
1101 806 1263 862 assumunt
1285 817 1415 862 erucem.

255 895 470 977 Hierosolyma
492 904 568 988 sunt
588 896 798 980 profecturi.
1444 973 1446 976 ¹
1550 977 1553 984 ⁴

338 997 520 1079 Quicunque
543 1003 634 1062 cunct
636 1016 674 1062 an
677 996 773 1077 tur¹l
805 1003 861 1079 pat
863 989 940 1078 riam
964 997 1170 1062 desereret
1138 1005 1170 1062 et
1191 1016 1257 1062 cum
1282 965 1417 1064 catervis
1552 1063 1553 1088 ,

255 1095 372 1177 ubique
395 1098 575 1162 constitutis
599 1117 634 1161 se
656 1099 859 1180 conjungere,
891 1104 978 1162 motu
1001 1099 1109 1178 cuique
1140 1103 1205 1162 stat
1207 1099 1235 1161 ui
1257 1101 1351 1163 aetat'
1331 1107 1417 1180 trque
1552 1119 1553 1126 ¹

220 1278 223 1283 Ι
255 1199 406 1261 communi
429 1197 467 1261 ad
490 1197 644 1279 inceptum
668 1206 810 1263 sanctum
834 1197 1086 1279 participandum
1109 1197 1233 1278 impulsi
1253 1207 1419 1278 assumunt

255 1290 386 1362 crucem.
431 1297 635 1362 Dubitatione
667 1317 791 1380 quaque
824 1299 957 1377 sublata,
981 1297 1198 1378 Hierosolyma
1214 1346 1217 1352 .
1236 1304 1311 1362 sunt
1346 1319 1416 1380 pro-

254 1397 374 1461 fecturi.
506 1455 508 1460 .
537 1391 539 1396 ⁸
1116 1475 1118 1479 ι
1285 1391 1288 1397 ’

249 1527 251 1530 ’
289 1486 292 1492 ’
339 1499 426 1578 Quae
448 1517 516 1563 cum
536 1499 583 1562 ita
605 1498 678 1566 sint.
700 1516 738 1562 ex
760 1499 867 1580 quovis
890 1499 974 1576 vitae
996 1499 1173 1580 aetatisque
1201 1505 1291 1564 statu
1305 1499 1418 1582 ²).iter

256 1618 375 1664 sommo
401 1599 506 1664 studio
531 1587 714 1680 comparant
735 1604 857 1663 turmae
878 1615 1028 1685 magnae,
1049 1598 1216 1663 vendibilia
1238 1600 1418 1679 vendentes,

255 1718 310 1763 res
332 1699 369 1762 ad
396 1701 668 1778 iter-necessarias
697 1703 905 1772 reservantes
925 1698 975 1762 vel
997 1705 1154 1777 ementes,
1185 1701 1298 1764 urbani
1321 1711 1416 1782 atque

183 1861 185 1864 .
255 1799 375 1877 rustici,
410 1799 558 1864 nobilitas
599 1807 694 1880 atque
718 1799 826 1880 plebs,
857 1797 1098 1880 patresfamilias
1132 1817 1198 1863 oum
1230 1801 1417 1865 familiarum

261 1898 408 1963 illecabris
432 1899 596 1980 uinversis,
626 1899 809 1981 conjugibus
842 1898 1007 1979 liberisque
1029 1898 1173 1976 inclusis,
1196 1905 1297 1980 atque·
1313 1908 1419 1981 patres

256 1987 369 2078 singuli
392 2005 448 2064 aut
469 1999 533 2080 filii,
556 2017 645 2064 senes
659 1999 718 2080 ipsi
733 1999 849 2063 debiles
871 1998 1080 2079 virginesque.
1104 1998 1151 2062 Ex
1174 1999 1303 2078 occulto,
1325 2002 1435 2080 prae·¹

255 2097 344 2162 fectis
364 2100 481 2179 insciis,
503 2098 597 2172 cellas
614 2097 765 2178 monachi,
777 2093 981 2165 'dominorum
1000 2098 1110 2163 domos
1127 2101 1276 2164 deserunt
1286 2086 1368 2163 servi
1380 2103 1418 2180 ³).

181 2212 184 2217 ·
248 2197 417 2262 Mancinus
440 2200 466 2264 it
487 2199 525 2263 ad
551 2200 682 2263 saecum.
704 2199 803 2262 Latro
825 2199 954 2280 corripit
977 2199 1127 2280 gladium.
1151 2198 1243 2262 Multi
1260 2217 1321 2260 non
1344 2218 1418 2262 con-

256 2300 345 2377 tenti,
366 2300 448 2381 quod
472 2300 594 2379 siguum
617 2299 716 2363 crucis
739 2299 887 2363 lanatum·
902 2300 941 2363 ad
965 2300 1112 2364 humeros
1131 2297 1280 2377 affigitur,
1293 2298 1416 2377 signum

253 2399 293 2462 ad
326 2418 461 2480 corpora
492 2400 552 2464 sibi
581 2399 736 2464 adurunt·
776 2397 965 2464 Discedendi
996 2416 1090 2479 quum
1125 2405 1248 2478 tempus
1280 2397 1416 2476 affuerit,

89 2525 91 2528 ·
165 2570 168 2575 ,
211 2582 212 2586 ¹
253 2501 471 2578 omrimunrur
493 2499 656 2580 permagni
678 2499 845 2578 singultus,
875 2499 1028 2579 suspiria,
1061 2497 1225 2575 lacrimae,
1259 2496 1417 2583 orationes

253 2607 284 2662 et
305 2599 489 2663 abeuntium
512 2605 544 2662 et
566 2599 791 2663 remanentium
804 2601 845 2678 ⁴),

233 2703 234 2706 ¹
336 2683 371 2744 ln
394 2683 448 2760 iis,
480 2683 533 2763 qui
555 2683 594 2746 ad
618 2682 793 2763 sepulcrum
817 2689 956 2746 sanctum
979 2679 1173 2748 liberandum
1196 2687 1305 2744 contra
1325 2681 1419 2745 Sara-

253 2800 347 2845 cenos
380 2781 494 2846 bellum
525 2790 656 2864 parant,
688 2789 753 2849 est.
771 2781 972 2859 Godefridus,
1006 2777 1230 2867 lotharingiae
1261 2781 1419 2845 inferioris

253 2882 323 2960 dux,
355 2881 396 2946 ad
427 2882 516 2963 euJus
549 2883 605 2946 viri
639 2881 752 2947 nobilis
785 2883 882 2946 vitam
914 2881 999 2946 brevi
1032 2881 1231 2946 tractandam
1254 2901 1336 2956 nunc
1360 2901 1416 2946 nos

252 2983 518 3064 praeparabimus.

335 3081 382 3146 De
405 3081 567 3148 Godcfridi
592 3082 675 3145 vitae
696 3081 801 3164 priore
829 3087 938 3163 parte,
969 3081 1139 3162 antequam
1162 3081 1231 3146 iter
1257 3080 1419 3160 ingressus

325 3273 350 3342 1)
368 3272 447 3328 Guib.
466 3273 501 3327 11.
521 3275 551 3348 6:
570 3274 628 3338 Nec
644 3272 714 3332 illud
728 3272 819 3326 minus
837 3271 993 3336 ridiculum,
1012 3271 1087 3340 quod
1105 3269 1145 3324 hii
1164 3269 1336 3339 plerumque,
1353 3287 1420 3339 quos

252 3360 330 3414 nulla
356 3361 445 3414 adhue
470 3360 555 3414 eundi
581 3359 709 3414 voluntas
738 3358 891 3429 attigerat,
930 3361 998 3412 dum
1028 3357 1111 3413 hodie
1148 3373 1230 3426 snper
1262 3356 1420 3411 omnimode

252 3446 370 3500 aliorum
387 3446 544 3502 venditione
563 3445 746 3511 cachinnant,
772 3448 838 3500 dum
856 3463 900 3500 eos
919 3445 1017 3500 misere
1042 3445 1130 3497 ituros
1148 3441 1329 3512 miseriusque
1349 3443 1420 3498 redi-

252 3535 329 3592 turos
347 3533 495 3598 affirmant,
514 3533 543 3588 in
562 3534 713 3588 crastinum
732 3532 876 3602 repentino
894 3530 1028 3584 instinctu
1046 3529 1162 3583 cumeis
1177 3531 1422 3600 proficiscebantur

252 3637 321 3689 quos
338 3620 465 3674 riserant.

317 3725 442 3792 11111111.
462 3698 528 3796 ryrss
546 3695 567 3779 1ss
587 3725 628 3778 rs.

254 3827 256 3832 ’
321 3829 349 3898 3)
367 3829 519 3884 Chronicon
538 3829 662 3884 Alberioi
682 3837 708 3900 p.'
730 3829 787 3884 147.

281 3959 288 3974 ·
321 3931 349 4000 4)
369 3933 463 3998 Fulch.
480 3933 530 3988 IL:
549 3935 569 3987 Ο
588 3936 710 4002 quantus
729 3935 789 3988 erat
808 3933 899 3987 dolor!
919 3932 1028 4000 quanta
1045 3928 1177 3998 suspiria!
1197 3928 1266 3995 quot
1284 3925 1419 3994 ploratus,

201 4041 203 4046 ·
253 4037 316 4072 oum
340 4019 456 4073 maritus
480 4020 685 4114 derelinqueret
715 4037 828 4074 uxorem
858 4037 937 4072 suam
962 4017 1022 4072 sibi
1052 4019 1111 4070 tam
1144 4015 1288 4078 dilectam,
1321 4031 1421 4083 pueros

253 4123 363 4174 quoque
388 4122 463 4168 suos,
491 4105 671 4174 possessiones
695 4105 895 4175 quantaslibet,
921 4105 965 4160 vol
991 4107 1113 4177 patrem,
1141 4101 1185 4160 vel
1211 4102 1342 4204 matrem,
1369 4102 1419 4154 aut

252 4195 361 4258 fratres,
378 4194 429 4248 aut
445 4195 573 4264 parentes
591 4194 642 4249 etc.
