3138 4912
794 400 833 471 '38

234 623 361 685 gressus
378 607 413 686 'h
441 607 571 686 Hngone
598 607 713 688 Magno
741 613 773 672 ct
799 605 975 671 Raimundo
1004 603 1242 685 adjuvantibuS,
1269 599 1395 664 tandem

234 706 338 770 vincit.
381 705 550 770 Dissoiutis
567 708 700 770 catervis
714 707 820 771 hostes
836 705 911 786 fuga
927 705 1058 770 salntem
1073 710 1237 784 quaerunt.
1253 703 1396 766 Victores

234 805 355 870 ancas
377 801 531 888 fugientes
556 825 609 872 sex
632 807 777 871 niiiiiaria
799 807 1079 888 persequunturti.
1123 803 1183 868 Alii
1208 805 1236 866 in
1259 803 1397 866 hostium

234 905 346 969 castris
369 907 469 990 captis
490 907 639 988 praedam
664 907 848 972 ditissimam
870 905 1000 970 faciunt.
1045 955 1048 961 .

316 1006 541 1086 Pugnaverunt
564 1007 624 1070 hoc
645 1007 694 1071 dic
715 1013 850 1088 utraque
874 1025 949 1087 pars
971 1025 989 1069 a
1009 1006 1110 1086 prima
1133 1003 1321 1084 lucensque
1350 1003 1390 1067 ad

235 1105 391 1169 meridiem
406 1105 449 1190 ³).
469 1105 657 1171 Ceciderunt
680 1108 851 1172 Turcarum
875 1109 936 1172 tria
958 1105 1063 1169 miliia.

316 1205 366 1270 Sic
390 1207 429 1272 de
451 1206 501 1270 die
524 1207 647 1270 funesto
670 1207 736 1270 dies
756 1206 856 1272 iactus
880 1213 928 1270 est
950 1206 1113 1287 gloriosus,

236 1381 622 1454 Christianorum
651 1383 890 1454 exercitus
919 1403 948 1454 a
977 1383 1224 1468 norylaeo
1246 1397 1399 1464 usquo

347 1486 412 1554 ad
433 1482 742 1555 Antiochiam
764 1484 929 1570 syriae
951 1482 1289 1570 proficiscitur.

321 1616 368 1680 De
399 1619 555 1682 exercitus
586 1620 695 1683 itinere
726 1617 925 1700 aDoryiaeo
950 1637 1006 1699 per
1035 1617 1183 1682 Pisidiam
1217 1622 1250 1682 ot
1279 1617 1399 1699 Cappa-

237 1715 356 1780 dociam
381 1736 477 1798 usque
499 1719 538 1782 ad
562 1719 756 1784 Antiochiam
780 1720 888 1799 Syriae
911 1718 994 1783 facto
1016 1717 1092 1782 nihil
1111 1717 1169 1782 dioi
1188 1723 1302 1800 potest,
1317 1717 1399 1798 qdod

237 1815 362 1895 dignum
386 1818 427 1882 sit
450 1825 693 1883 commemoratu
707 1817 749 1898 ⁴).

324 1917 464 1982 iiilidsch
479 1919 591 1981 Arslan
607 1920 735 1998 fugatus
749 1919 986 1982 christianorum
1006 1918 1163 1996 exercitui,
1178 1917 1307 1980 eandem
1318 1917 1399 1979 viam

238 2017 389 2097 sequenti,
406 2017 608 2082 difficultates
625 2019 759 2099 parabat
774 2020 932 2098 maximas,
950 2037 1043 2098 agros
1058 2025 1196 2094 vastans
1208 2017 1400 2097 depopulans

236 2117 442 2182 habitatores.
486 2119 577 2183 Unde
606 2117 815 2197 factumest,
847 2127 882 2184 ut
903 2121 1057 2184 exercitus
1089 2121 1119 2182 in
1140 2118 1198 2181 hoc
1224 2119 1335 2181 itincre
1356 2117 1400 2179 in-

238 2219 359 2282 terdum
383 2220 517 2300 inopiam
541 2237 684 2298 magnam
705 2225 869 2299 pateretur
890 2225 922 2282 et
946 2219 1151 2300 perierrct⁵h

319 2319 354 2382 In
377 2319 435 2382 hoc
455 2320 568 2384 itinere
591 2319 703 2383 accidit
724 2337 860 2400 otioque,
893 2326 927 2383 ut
948 2318 1117 2383 Godeirido
1140 2314 1311 2396 periculum
1334 2331 1397 2374 rna-

235 2418 351 2482 rimam
374 2419 592 2483 incesseretur.
637 2419 738 2482 Ursus
759 2438 827 2483 eum
860 2421 985 2500 appetit
1013 2426 1045 2482 et
1071 2417 1211 2496 graviter
1242 2413 1396 2478 vulnerat.

236 2517 442 2582 Godciridum
472 2524 576 2583 antem
608 2520 654 2582 sui
683 2519 721 2583 ad
753 2525 877 2600 tempus
905 2517 1055 2598 adjuvant
1077 2520 1264 2595 servantque
1286 2533 1323 2578 ex
1346 2531 1398 2594 pe·

237 2617 388 2698 riouioti.

320 2718 366 2781 Ab
388 2719 463 2784 urhe
484 2708 592 2797 Erote,
615 2736 711 2799 prope
734 2737 753 2781 a
776 2717 902 2781 Ciliciae
924 2717 1023 2796 portis
1045 2715 1125 2794 sita,
1149 2730 1289 2778 summus
1314 2733 1399 2778 exer-

237 2817 316 2882 citus
339 2820 419 2882 viam
449 2819 550 2898 carpit
573 2819 759 2882 Caesaream
784 2816 1017 2896 Cappadociae,
1050 2816 1155 2894 tangit
1178 2814 1347 2879 Coeussum
1370 2819 1401 2877 ct

240 2917 418 2996 Mariscnm,
441 2924 473 2980 ct
494 2917 700 2998 proficiscitur
724 2916 920 2980 Antiochiam
943 2917 1101 2996 Syriaci).
1208 2931 1209 2936 ’

306 3065 331 3133 1)
349 3064 417 3118 aaa
437 3065 479 3119 ao.

306 3168 333 3236 2)
350 3167 440 3222 Raim.
459 3188 485 3237 p.
504 3169 566 3222 142:
587 3187 635 3239 por
655 3171 774 3239 primam
793 3170 822 3223 et
840 3168 958 3222 alteram
976 3165 1058 3231 diem,
1070 3184 1118 3236 per
1130 3167 1221 3220 totam
1232 3166 1306 3221 viam
1317 3184 1401 3234 equos

236 3252 411 3307 inimicorum
430 3256 554 3310 mortuos
573 3274 634 3310 oum
653 3255 772 3310 dominis
790 3255 857 3324 ipsis
875 3253 1036 3324 reperimus.

306 3358 333 3425 3)
351 3354 426 3413 (ient.
443 3360 506 3413 IX.:
525 3361 561 3414 ab
576 3361 644 3414 hora
662 3360 748 3414 tertia
766 3359 898 3428 usquein
916 3360 1012 3412 horam
1031 3375 1133 3412 nonam
1152 3356 1317 3426 perduravit
1334 3358 1402 3412 hacc

237 3461 340 3514 pugna.

272 3549 365 3603 Fuloh.
385 3550 431 3604 V.:
451 3569 468 3604 a
484 3551 576 3620 prima
594 3550 648 3606 diei
665 3552 733 3604 hora
746 3568 833 3618 usque
847 3551 881 3603 ad
896 3551 1001 3604 sextam
1017 3564 1066 3601 nos
1078 3549 1196 3617 anguste
1208 3549 1401 3602 coercuerunt:

382 3637 431 3690 sed
449 3639 517 3691 tunc
531 3638 610 3691 nobis
628 3636 711 3691 affuit
721 3636 895 3690 ‘mirabiliter
914 3635 1015 3689 Divina
1032 3633 1132 3704 gratia.

306 3723 334 3791 4)
353 3722 524 3778 Raimundus
541 3727 578 3794 (p.
596 3724 656 3792 14⁶2)
675 3721 769 3792 paucis
787 3722 891 3776 verbis:
910 3721 1008 3790 Itaque
1026 3719 1149 3784 devictis,
1167 3719 1273 3788 inquit,
1295 3722 1323 3774 e'o
1341 3738 1403 3790 pro·

239 3809 343 3878 fligatis
366 3809 475 3874 Tuccia,
508 3811 619 3880 pacifico
644 3815 673 3864 et
695 3809 826 3864 alacriter
850 3825 899 3876 pcr
923 3805 1089 3860 Rornaniam
1115 3824 1201 3874 usque
1228 3805 1404 3861 Antiochiam

239 3914 420 3965 pervenimus.

309 4001 335 4068 5)
354 4001 427 4055 cresc.
446 4002 494 4054 rx.
513 4001 608 4054 suren.
628 4001 661 4053 v.
679 3999 741 4052 nio.
761 3999 812 4066 aq.
831 3997 879 4050 nr.
900 3997 974 4050 1-3.
995 3996 1071 4051 wiri.
1089 3998 1153 4066 syr.
1171 3997 1221 4050 ni.
1242 3997 1351 4050 ro-ra.

309 4105 336 4172 o)
356 4105 418 4158 aio.
440 4106 490 4172 nq.
511 4105 560 4157 m.
578 4105 602 4158 r.
639 4102 863 4172 Will.Tyr.1ss.
885 4103 925 4156 17.

310 4209 336 4282 r)
357 4209 430 4262 aest.
450 4209 497 4266 xi.
517 4209 610 4262 ouran.
632 4209 679 4274 vr,
699 4208 761 4263 nro.
781 4208 833 4278 aq.
852 4206 902 4260 m.
920 4207 1030 4263 27-37.
1056 4205 1133 4259 wari.
1150 4201 1214 4278 hys.
1233 4205 1281 4260 in.
1303 4202 1342 4265 ta
