3138 4912
591 857 905 948 Corrigenda·

256 1344 322 1412 Pag.
363 1344 378 1395 6
398 1360 466 1396 vers.
503 1339 531 1396 7:
550 1343 724 1412 imperatorii
740 1345 795 1414 leg.
813 1343 981 1414 imperatori.

360 1429 451 1482 anot.
499 1429 530 1481 3:
550 1429 721 1483 videlbamus
740 1431 794 1500 leg.
815 1430 983 1483 sitiebamus.
1129 1493 1131 1498 Ι

274 1547 306 1552 --
362 1515 376 1566 7
397 1531 465 1568 vers.
502 1515 531 1567 8:
551 1515 757 1570 Clarumoutem
776 1518 829 1586 leg.
848 1516 1090 1570 Claruminontem.

275 1633 308 1641 —
363 1601 378 1652 7
395 1617 464 1654 vers.
485 1600 530 1653 12:
550 1602 680 1657 deereibit
697 1604 751 1672 leg.
770 1601 908 1656 describit.

276 1719 308 1726 --
363 1689 377 1739 t
397 1689 455 1741 not.
505 1689 532 1740 1:
552 1689 587 1741 ad
603 1705 707 1741 aunum
727 1689 780 1759 leg.
799 1690 834 1742 ad
852 1706 964 1741 annum.

278 1803 309 1810 -
363 1775 377 1825 7
398 1775 455 1826 not.
501 1774 531 1826 3:
550 1774 667 1844 spatiose
686 1777 739 1845 leg.
758 1775 901 1846 spatiosae.

276 1889 307 1896 ψ
362 1859 378 1911 8
396 1877 463 1913 vers.
499 1863 528 1913 5:
548 1863 610 1930 post
628 1863 741 1916 verbum
759 1863 814 1916 fuit
832 1861 989 1931 ponendum
1008 1862 1050 1914 est
1069 1862 1211 1929 punctum.

276 1976 306 1982 .-,
362 1947 378 1998 8
397 1965 466 2001 vers.
488 1947 532 2002 13:
552 1947 716 2018 conjungens
735 1948 788 2018 leg.
810 1950 964 2018 conjugem.

278 2063 307 2068 —-
363 2034 378 2086 8
397 2051 464 2088 vers.
484 2033 532 2086 13:
553 2037 614 2102 post
630 2034 744 2088 verbum
763 2035 908 2104 conjugem
927 2035 1084 2104 ponendum
1102 2035 1144 2086 est
1162 2050 1276 2086 comma.

279 2150 311 2159 -
364 2120 380 2172 8
398 2137 467 2174 vers.
489 2121 535 2173 16:
555 2120 641 2174 dividi
658 2123 858 2175 commentatos
876 2122 929 2192 leg.
948 2121 1028 2175 diviti
1049 2121 1260 2175 commendatos.

275 2236 307 2244 —
364 2206 380 2258 8
398 2223 466 2260 vers.
487 2205 535 2260 23:
553 2208 743 2276 aducaturque
762 2209 816 2279 leg.
834 2209 1052 2275 adducaturque.

274 2323 305 2331 -
363 2293 379 2344 9
397 2309 466 2345 vers.
488 2293 534 2346 19:
552 2293 703 2363 cupiditate
722 2295 775 2366 leg.
793 2294 955 2364 eupiditate.

276 2412 309 2419 -
365 2381 380 2432 9
397 2396 466 2434 vers.
485 2381 532 2432 30:
553 2385 614 2450 post
625 2382 739 2436 verbum
750 2383 863 2450 possunt
872 2382 1031 2450 ponendum
1044 2383 1085 2441 est
1094 2396 1208 2432 aemma.

274 2499 304 2507 —
360 2467 375 2519 9
393 2485 461 2521 vers.
480 2468 529 2520 31:
548 2469 610 2536 post
624 2469 739 2522 verbum
750 2474 894 2522 assumunt
904 2468 1050 2522 delendum
1061 2468 1103 2521 est
1111 2482 1225 2519 comma.

235 2619 236 2624 ¹
275 2586 308 2595 —-
346 2557 377 2608 11
395 2573 464 2608 vers.
498 2555 527 2607 3:
547 2554 723 2624 intellegitur
738 2557 791 2626 leg.
810 2553 988 2624 intelligitur.

277 2672 308 2680 —
344 2642 376 2694 12
394 2659 461 2696 vers.
480 2642 527 2694 31:
549 2643 610 2710 post
618 2643 733 2696 verbum
744 2642 881 2712 angustiis
892 2641 1048 2712 ponendum
1067 2640 1109 2692 est
1119 2639 1260 2706 puuctum.

277 2758 310 2767 -
345 2729 377 2781 13
394 2746 462 2782 vers.
481 2729 528 2781 2οε
548 2729 726 2798 praestitissit
745 2730 797 2798 leg.
819 2727 1011 2798 praestitisset.

276 2846 308 2854 -
347 2815 378 2868 14
394 2818 452 2869 not.
502 2817 530 2868 1:
550 2815 630 2870 beate
648 2816 702 2885 leg.
722 2816 829 2870 beatae.

278 2933 311 2941 -
346 2902 377 2955 21
397 2919 466 2956 vers.
485 2903 531 2956 21:
552 2907 613 2972 post
630 2902 745 2957 verbum
763 2905 792 2956 et
810 2903 956 2956 delendum
975 2905 1017 2956 est
1036 2919 1159 2956 comma

274 3021 305 3028 -
344 2991 376 3044 37
397 3007 464 3044 vers.
501 2985 529 3043 1:
550 2991 611 3059 post
630 2989 744 3044 verbum
764 2990 899 3044 exereitus
917 2989 1063 3044 delendum
1082 2992 1123 3043 est
1140 3005 1256 3041 comma.

277 3108 309 3115 —
346 3079 379 3131 37
397 3095 465 3132 vers.
486 3075 532 3130 18:
550 3079 613 3147 post
632 3077 747 3132 verbum
764 3078 845 3129 orant
863 3077 1018 3146 ponendum
1039 3078 1081 3129 est
1098 3091 1211 3128 comma.
