3138 4912
801 397 839 456 36

670 479 961 490 ffl-

139 676 141 680 ⁷
235 685 621 778 Christianorum
645 659 884 757 exercitus
899 689 1198 776 cumffurcls
1213 687 1400 770 pugnat

438 799 440 802 ’
585 807 718 891 aprici
745 807 1060 890 norylaeum.

316 939 455 1002 Kilidsch
481 939 593 1002 hrslan
617 938 742 1019 fugatus
765 959 857 1021 quum
882 939 1046 1020 prohibere
1068 959 1126 1003 non
1148 940 1293 1020 potuerit,
1323 957 1399 1019 quo-

236 1037 336 1108 minus
367 1037 491 1114 Nicaea,
521 1041 608 1116 regni
636 1047 746 1118 caput,
778 1041 819 1102 sit
850 1047 1039 1119 expugnata,
1071 1040 1237 1104 ulciscendi
1271 1038 1399 1103 consilio
1466 1067 1468 1072 v
1552 1035 1553 1102 ζ

235 1137 341 1198 statim
364 1147 465 1217 capto,
486 1139 653 1201 exercitum
675 1157 823 1218 magnum
848 1158 884 1202 er
906 1159 1002 1217 regno
1029 1140 1121 1220 longe
1145 1141 1272 1220 lateque
1290 1123 1400 1202 diffuso

237 1239 349 1300 iterum
375 1237 502 1315 colligit.
545 1239 637 1301 Brevi
661 1245 802 1320 tempore
829 1246 950 1317 centum
975 1241 1204 1320 quinquaginta
1229 1239 1325 1326 millia
1346 1241 1401 1302 mi-

150 1399 152 1406 ,
237 1337 365 1428 lituum)
395 1338 489 1400 habet
518 1345 647 1418 paratos
680 1340 719 1402 ad
754 1339 865 1403 bellum
901 1339 1130 1420 renovandum,
1165 1341 1204 1402 ad
1249 1341 1400 1404 maculam

237 1438 409 1513 eluendam,
433 1438 471 1500 ad
496 1437 614 1515 hostes
637 1440 661 1500 si
685 1441 767 1520 potis
789 1439 840 1520 sit,
862 1440 1076 1504 conficiendos.
1110 1441 1209 1503 Adest
1230 1459 1302 1503 nrox
1324 1448 1402 1502 tem-

101 1567 104 1574 ·
184 1605 186 1608 ,
237 1556 295 1614 pus
318 1539 489 1617 pugnandi.

171 1625 173 1629 ’
320 1639 657 1719 Nicaea-expugnata,
690 1641 928 1703 christianorum
958 1641 1111 1703 exercitus
1142 1645 1263 1720 septem
1286 1641 1401 1704 diesin

238 1741 349 1803 castris
373 1740 498 1803 stativis
521 1747 661 1803 moratus
685 1739 734 1802 die
749 1741 895 1804 vicesimo
915 1741 1045 1820 septimo
1063 1743 1177 1804 niensis
1197 1741 1282 1805 Junii
1299 1748 1402 1806 eastra

238 1843 391 1920 movet²st
416 1841 558 1924 Insidias.
574 1840 613 1903 ab
636 1840 779 1904 hostibus
803 1858 1001 1920 nequaquam
1024 1846 1198 1918 mutuantes
1221 1843 1280 1905 iter
1301 1843 1403 1920 ingre-

193 2007 195 2011 ,
238 1941 368 2004 diuntur
390 1941 428 2002 ad
452 1939 649 2002 Antiochiam
673 1939 817 2003 Pisidiae.
845 1941 890 2004 .In
913 1941 1027 2005 itinere
1050 1941 1248 2021 dividuntur,
1278 1942 1343 2006 sive
1366 1958 1403 2002 ex

135 2052 138 2058 '
169 2027 200 2076 Ὺ
239 2044 420 2122 composito,
450 2040 514 2103 sive
544 2039 727 2118 inconsulte,
749 2040 779 2102 iu
809 2039 888 2102 duas
919 2045 1076 2121 partes³l‚
1109 2059 1239 2122 quarum
1270 2040 1401 2103 alteram

238 2141 356 2220 ducunt
386 2138 597 2218 Boernundus,
632 2139 829 2217 'lantredus
853 2133 1019 2226 Robertus
1041 2142 1241 2205 Normannus
1272 2146 1304 2202 et
1335 2141 1402 2202 Ste-
1552 2221 1553 2224 Ἴ

238 2241 361 2320 phanus
384 2233 549 2318 Blesensis,
570 2239 700 2302 alteram
724 2238 928 2318 Gulielmius,
957 2240 1049 2320 Hugo
1073 2238 1219 2319 Magone,
1249 2239 1401 2302 hebertus
1501 2297 1505 2302 .

239 2340 455 2414 FlandrensiS,
479 2339 671 2422 Raimuudus
693 2345 725 2400 et
747 2339 921 2403 Ademmus
945 2341 1118 2420 episcopus,
1161 2338 1301 2418 Utraque
1328 2353 1401 2416 pars

239 2441 409 2521 separatim
433 2441 494 2502 iter
516 2446 661 2520 pergunt.
706 2439 766 2502 Sed
784 2439 848 2523 *iarn
868 2440 1029 2521 postridie,
1052 2441 1101 2501 die
1119 2439 1272 2501 tricesimo
1288 2436 1402 2500 mensis

239 2541 335 2617 lunii,
363 2558 461 2620 prope
494 2557 512 2601 a
541 2537 697 2618 Dorylaeo
727 2539 964 2603 multitudinem
997 2557 1141 2618 magnam
1165 2539 1403 2618 conspicantur

239 2641 392 2717 hostium,
423 2641 475 2718 qui
499 2657 635 2718 pugnam
668 2639 777 2702 ineunt
799 2642 980 2702 acerrimam
1004 2658 1072 2702 cum
1094 2639 1274 2702 Roanrundo
1296 2645 1328 2702 et
1351 2639 1402 2718 qui

203 2808 206 2812 ,
240 2759 308 2805 cum
331 2758 367 2802 eo
389 2747 481 2817 sunt,
510 2745 678 2818 postquam
702 2739 762 2801 diei
784 2740 873 2818 primi
896 2739 949 2800 lux
978 2738 1091 2801 mensis
1113 2738 1187 2803 Julii
1211 2737 1403 2803 commodum
1507 2725 1510 2732 ’

15 2825 16 2830 ¹
86 2779 180 2931 m*
229 2837 481 2919 *exorta⁴).,
954 2855 957 2860 ·

324 2941 380 3003 Vir
403 2938 683 3019 ssoamunnjussu
706 2939 827 3024 pedites
852 2938 884 3001 in
907 2937 997 3014 vallo,
1019 2938 1102 3002 circa
1123 2944 1227 3018 castra
1243 2939 1403 3003 confestim

242 3043 344 3131 ducto,
370 3039 408 3102 ad
445 3039 668 3118 impedimenta.
696 3037 901 3101 custodienda
941 3037 1083 3101 collocati
1118 3047 1150 3102 et
1183 3040 1305 3119 equites
1338 3041 1404 3121 ejus

241 3191 532 3204 -n-——uu—--

197 3261 201 3267 “
312 3271 338 3339 1)
357 3269 446 3323 eum.
465 3288 492 3338 p.
512 3269 748 3350 transiremus
773 3269 836 3339 ryr.
858 3238 924 3340 (m.¹
941 3271 992 3339 13),
1016 3271 1161 3325 cestorum
1182 3272 1278 3324 tucior
1295 3271 1358 3341 (rx)
1378 3272 1406 3326 ee

104 3362 106 3366 '
135 3367 137 3408 ζ
175 3401 177 3406 .
241 3356 402 3411 Pulcherius
419 3356 509 3409 multo
526 3357 642 3426 majores
660 3357 784 3411 referunt
801 3372 936 3409 numeros.

311 3461 339 3530 a)
357 3461 451 3514 suren.
471 3460 524 3514 m:
544 3460 684 3528 tertioque
703 3461 758 3514 nar.
775 3459 844 3513 auru
862 3476 879 3512 a
896 3459 1000 3516 uicus
1016 3427 1203 3532 discessimus

311 3564 338 3631 3)
357 3565 430 3618 (lest.
449 3565 503 3618 IX:
522 3564 589 3632 quia
606 3582 660 3618 nox
679 3565 751 3629 erat,
778 3581 833 3617 non
852 3563 983 3618 viderunt
1001 3563 1089 3618 nostri
1110 3564 1204 3618 tenere
1222 3582 1307 3618 unam
1325 3563 1407 3626 viam,

90 3704 93 3711 ,
153 3643 155 3648 ’
243 3652 289 3705 sed
309 3653 373 3704 sunt
391 3651 472 3704 divisi
489 3652 611 3720 per'duo
629 3651 749 3722 agmina.
784 3651 876 3704 Rainr.
894 3669 920 3718 p.
938 3651 996 3702 142:
1016 3651 1135 3704 secunda
1153 3651 1197 3705 dic
1216 3653 1321 3705 temere*
1338 3653 1407 3705 Boa-

243 3739 363 3810 mundus
384 3737 522 3806 digressus
540 3740 589 3791 est.
610 3738 672 3791 Alb.
692 3737 743 3804 Aq.
762 3736 796 3790 ll.
816 3737 863 3789 38:
890 3737 1072 3790 decreverunt
1089 3737 1163 3792 tanti
1182 3737 1319 3792 exercitus
1338 3738 1408 3792 divi·

174 3853 176 3858 *
243 3824 347 3877 sionem
365 3823 437 3887 fieri,
461 3825 494 3876 ut
512 3823 625 3876 liberius
644 3824 672 3876 et
690 3822 834 3891 spatiosius
852 3818 995 3874 incastris
1013 3822 1131 3892 populus
1148 3823 1300 3888 habitaret,
1315 3824 1408 3892 sicque

145 3965 147 3972 ,
222 3921 224 3928 ’
244 3909 348 3964 divisus
367 3910 476 3979 plenius
493 3909 559 3964 escis
578 3912 607 3964 et
625 3909 727 3979 pabulo
746 3913 880 3977 equorum
900 3908 1065 3963 abundaret.
1146 3931 1148 3935 ·

311 4015 340 4085 4)
358 4014 452 4068 Fuleh.
468 4015 507 4068 V:
526 4031 608 4068 mane
621 4013 704 4076 lacto,
718 4013 792 4080 quod
805 4010 907 4064 accidit
921 4012 977 4065 kal.
990 4012 1068 4078 Julii,
1082 3987 1208 4066 ordinate
1222 4013 1262 4067 ire
1277 4014 1407 4084 cepimus.

244 4104 319 4156 Hora
338 4101 393 4156 diei
414 4103 534 4155 secunda
552 4117 612 4154 eece
632 4115 823 4170 praecursores
843 4115 937 4150 eorum
954 4098 1174 4166 speculatoribus
1191 4099 1291 4152 nostris
1310 4117 1408 4170 appro-

147 4215 150 4220 ·
245 4189 460 4258 pinquaverunt.
496 4186 573 4240 Will.
593 4187 656 4256 Tyr.
674 4186 723 4240 ΙΙΙ.
744 4187 784 4238 14.
820 4184 882 4237 Alb.
903 4185 953 4252 Aq.
972 4184 1007 4237 Π.
1028 4185 1069 4237 39.
1100 4256 1103 4262 1
1175 4262 1176 4265 ¹
