3138 4912
619 371 631 392 ··
721 349 865 410 δι’

157 545 356 611 Raimundns
390 563 483 625 qnam
511 551 617 609 autem
646 547 686 626 de
717 565 845 610 munere
872 547 957 626 regio
987 545 1162 626 recipiendo
1192 549 1323 623 recuset,
1391 577 1418 588 »

159 645 367 711 Godelridum
397 645 506 709 ducem
541 645 660 725 eligunt
692 653 804 710 octavo
834 647 883 710 die
912 655 984 727 post
1013 635 1321 726 ur·bem·captanr¹).
1388 676 1390 682 ·

157 747 277 810 Nomen
291 745 383 824 regis
407 749 718 826 aspernatusque
741 765 795 810 rex
824 765 940 811 corona
961 747 1204 832 honorisamea
1227 765 1321 810 orna·

156 845 299 910 tissimus
331 863 400 910 esse
422 844 520 923 nolit,
552 846 601 909 ubi
633 847 739 913 Obrlst
726 854 787 924 tue,
811 866 868 912 rer
887 866 1013 927 regum
1043 852 1226 912 coronamt
1212 839 1323 912 tulerit

155 946 327 1026 spinarum,
351 960 465 1010 munus
489 946 601 1026 recipit
621 945 865 1043 Goelelridas2]

242 1045 310 1122 Quo
330 1043 413 1108 facto
438 1043 626 1110 Godafridns
642 1053 713 1126 post
700 1047 790 1124 ιιιιιι,
806 1055 842 1111 ut
857 1013 1048 1126 Raimundus
1062 1046 1194 1110 Da'vidis
1209 1045 1320 1108 turrim

159 1145 268 1208 tradat
290 1145 392 1210 adhuc
415 1146 584 1209 obtentam
630 1147 719 1224 Quod
749 1137 980 1211 Raimundoit
968 1151 1203 1222 tacommoect
1189 1144 1320 1208 tbilem

159 1246 286 1326 ejusque
323 1247 439 1310 excitat
427 1247 629 1326 tinvieliam,
659 1254 689 1312 ιιι
724 1253 796 1328 post
782 1248 862 1311 ttula
851 1254 913 1313 tum
936 1249 1077 1327 deneget.
1122 1246 1182 1310 Sed
1203 1244 1322 1308 fastra
1419 1317 1421 1320 ¹

160 1347 303 1425 denegat.
281 1345 452 1412 Gode
451 1347 615 1410 ndns
617 1348 693 1412 tin
730 1349 902 1474 postulas.
947 1348 1059 1412 Tradit
1093 1348 1203 1411 turrim
1249 1345 1320 1418 Rai-

158 1445 340 1525 mundns⁸l

241 1545 411 1638 Godefrido
442 1546 540 1610 electo
571 1565 659 1628 rege,
693 1549 842 1613 Arnnllus
867 1550 993 1630 qnidam
1014 1546 1122 1626 elficit,
1151 1552 1187 1609 ut
1203 1543 1320 1608 'Hiero-

140 1657 143 1662 '
159 1647 347 1725 solymorum
368 1665 408 1726 pa
411 1647 574 1710 triaroba'
566 1667 632 1728 epse
654 1649 752 1733 eligat
754 1668 799 1712 nr
844 1650 932 1712 ιιιιι
954 1648 1042 1712 mult'
1020 1655 1044 1712 tr
1066 1647 1246 1710 electionem
1265 1645 1319 1706 im

157 1747 308 1828 probent,
337 1749 432 1826 quum
455 1747 618 1819 Arnult'us
638 1749 681 1811 sit
702 1750 749 1812 vir·
771 1767 886 1814 avarus
916 1755 1186 1855 arrogansqneet
1207 1744 1320 1824 flagret
1363 1765 1367 1775 ·

158 1845 296 1925 infamia,
320 1852 422 1910 tamen
444 1848 532 1912 elect'
511 1854 553 1912 tro
576 1855 723 1914 constat⁴
730 1850 753 1931 ).

241 1946 304 2012 Sed
327 1948 378 2011 vix
402 1949 459 2013 bae
483 1950 599 2014 ιιιιιιιι
583 1949 749 2029 electiones
773 1949 836 2013 lact
823 1956 875 2013 tae
897 1955 972 2012 sunt
974 1967 1093 2029 ,eperum
1118 1965 1214 2022 regno
1239 1964 1318 2008 novo

156 2046 328 2126 periculum
351 2047 465 2112 conflat
452 2055 511 2112 ιιι
527 2067 740 2130 permagnum.
785 2049 945 2130 Princeps
957 2048 1089 2130 Aegypt
1083 2066 1147 2126 rus,
1169 2046 1224 2110 ult
1202 2053 1318 2110 tionem

145 2164 288 2227 parans,
322 2150 361 2213 ad
388 2149 569 2214 Ascalonem
595 2151 763 2214 exercitum
789 2169 935 2232 magnum
957 2148 1168 2230 congregavit,
1190 2153 1225 2210 ut
1248 2147 1324 2210 Hie.

157 2246 320 2329 rosolyma,
341 2249 520 2315 christianis
541 2271 578 2314 ex
601 2251 678 2316 urbe
700 2258 809 2316 sancta
832 2251 974 2332 repulsis,
997 2251 1027 2314 in
1043 2249 1211 2330 pristinum
1228 2248 1320 2312 resti·

157 2353 261 2412 lueret
280 2354 410 2412 statum.
454 2351 604 2430 Minatur,
624 2352 847 2433 Hierosolymis
870 2352 980 2432 captis,
1002 2369 1108 2422 omnes
1130 2347 1319 2413 christianos
1403 2395 1405 2399 .

158 2465 224 2510 sese
246 2448 484 2513 interemtorum
515 2469 584 2515 esse
614 2461 707 2532 atque
736 2465 897 2516 erasurum
921 2445 1095 2532 sepulcrum
1118 2446 1316 2529 sanctum‘).
1403 2507 1404 2512 ,

159 2547 292 2637 Arabum
321 2555 354 2612 et
383 2549 555 2616 'lurcorum
584 2552 749 2632 principes¹
773 2559 806 2615 et
834 2553 979 2633 princeps
1010 2549 1200 2631 Aegyptius,
1231 2548 1318 2629 prius
1378 2581 1380 2587 ·

157 2663 258 2726 secum
272 2647 440 2730 discordes,
456 2651 569 2716 bellum
586 2639 777 2733 conjungunt
799 2660 909 2716 contra
932 2651 1049 2716 hostem
1073 2648 1315 2730 communem).

154 2745 330 2827 Explorato,
351 2749 446 2812 robur
467 2751 578 2814 virium
588 2748 748 2816 hostilium?
760 2771 828 2816 esse
851 2751 1106 2830 grandissimum,
1124 2750 1316 2814 Godel'ridus

224 3009 250 3078 1)
269 3010 343 3065 Gest.
363 3013 411 3066 39:
431 3015 465 3068 ut
481 3016 635 3072 debellaret
654 3036 776 3088 paganos
795 3020 823 3073 et
841 3020 994 3074 custodiret
1012 3018 1184 3074 christianos.

188 3095 282 3152 Fulch.
302 3097 351 3151 18:
369 3103 482 3170 propter
501 3104 655 3159 nobilitatis
674 3106 866 3160 excellentiam
882 3108 910 3160 et
922 3106 1038 3162 militiae
1050 3106 1217 3176 probitatem
1232 3106 1316 3174 atque

288 3188 507 3243 mansuetudinis
526 3193 554 3245 et
566 3191 718 3261 patientiae
728 3193 890 3248 modestiam
901 3211 951 3248 nec
962 3212 1017 3248 non
1028 3211 1136 3248 morum
1148 3193 1317 3262 elegantiam

289 3272 369 3342 regni
387 3274 538 3346 principem
557 3279 644 3337 omnis
661 3281 779 3350 populus
798 3281 890 3350 elegit.
1369 3348 1371 3354 ,

187 3355 276 3410 Raim.
294 3377 320 3428 p.
338 3360 401 3413 176:
432 3362 529 3418 dilata
545 3366 587 3421 est
605 3366 703 3421 electio
721 3368 807 3422 donee
829 3369 865 3421 ad
882 3365 1020 3421 octavum
1028 3341 1099 3420 diem
1123 3368 1185 3436 post
1205 3327 1333 3440 captam,

291 3445 452 3503 Jerusalem.
1307 3484 1309 3488 ¹

160 3585 163 3590 .
223 3531 251 3600 2)
269 3531 346 3586 Will.
365 3533 428 3604 Tyr.
446 3536 494 3590 IX.
512 3537 544 3590 9.
564 3540 706 3607 promotus
724 3539 892 3594 humilitatis
910 3557 999 3604 causa,
1018 3557 1117 3598 corona
1130 3558 1214 3595 aurea
1226 3541 1317 3596 noluit

153 3617 288 3688 insigniri.

222 3723 250 3792 3)
268 3723 358 3778 Raim.
377 3744 404 3795 p.
423 3727 481 3781 179.

94 3867 95 3870 ι
154 3913 177 3966 R
199 3827 249 3924 ⁹4)
266 3827 364 3970 ιιιιῗιὲιο.Ι
379 3849 405 3900 p.
436 3832 496 3884 166:
524 3833 666 3898 lrnnlfns,
693 3833 742 3902 qui
764 3836 848 3904 caput
871 3834 995 3893 omnium
1019 3835 1222 3896 incredulorum
1246 3842 1315 3900 erat.

179 3931 242 3968 arm.
261 3933 287 3985 p.
359 3956 365 3970 .
668 3930 670 3934 '

199 4097 201 4101 .
221 4019 248 4088 5)
265 4019 359 4074 Fulch.
377 4021 417 4075 19.
486 4014 488 4018 ’

220 4123 248 4200 ι)
266 4123 342 4179 war.
361 4125 424 4198 cyr.
445 4126 492 4180 rx.
513 4126 553 4190 ιι,
587 4208 590 4212 ¹
