3138 4912
697 405 736 466 19

57 602 66 610 ⁴
133 607 353 687 Ratisbonam‚
379 604 452 670 inde
482 604 653 670 secundum
677 602 814 668 Danubii
836 621 963 670 cursum
985 623 1042 685 per
1057 599 1250 682 Hungariam
1264 600 1297 661 et

132 709 314 788 Bulgarianr
332 706 492 788 usquead
516 703 818 786 Constantinopolim
835 703 873 786 ¹).

203 809 373 888 Principes
403 806 483 870 enirn
514 803 729 889 Hierosolyma
759 803 1046 886 proficiscentes2),
1083 822 1120 868 ex
1163 821 1295 884 quorum
1332 807 1335 811 '

131 911 229 990 copiis
252 925 391 972 summus
413 905 567 970 exercitus
590 910 661 968 erat
681 906 884 985 compositus
906 905 989 968 inter
1010 914 1205 970 armaturam
1218 922 1322 986 ’con-³

130 1010 295 1074 finiendam
322 1011 405 1072 inter
433 1023 466 1070 se
489 1010 708 1084 convenerant,
742 1006 874 1085 primum
904 1005 986 1086 quod
1016 1024 1084 1069 cum
1117 1006 1294 1085 agminibus

132 1111 197 1174 suis
220 1109 460 1189 ingrederentur
481 1107 548 1169 vias
571 1106 724 1185 diversae,
747 1105 860 1170 deinde
883 1106 968 1186 quod
992 1113 1073 1170 uncta
1088 1107 1211 1171 itineris
1225 1125 1296 1188 pro·

132 1213 214 1275 xirna
238 1215 397 1274 teneretur
426 1205 733 1286 Constantinopolin,
763 1212 830 1268 tum
852 1205 942 1287 quod·
957 1209 1112 1271 exercitus
1131 1209 1295 1274 universus

133 1313 215 1374 inter
242 1328 276 1373 se
307 1308 495 1388 conjunctus
526 1305 647 1369 laceret
684 1306 743 1368 iter
778 1323 939 1370 commune
969 1324 988 1369 a
1024 1305 1297 1388 Constantinopoli

133 1429 232 1491 usque
254 1408 293 1472 ad
315 1407 541 1487 Hierosolyma.
1158 1398 1160 1402 ’

98 1523 101 1527 ·
215 1508 263 1571 Ex
305 1526 368 1588 quo
412 1513 565 1570 conventu
606 1505 761 1570 Robertus
803 1506 1052 1570 Norrnannorum
1085 1508 1163 1586 dux,
1205 1508 1296 1590 Hugo

134 1611 279 1689 Magnus
301 1607 459 1672 Robartus
480 1606 505 1669 F
508 1605 682 1669 landreceis
695 1624 808 1685 comes,
829 1606 1007 1686 Stephanus
1023 1625 1125 1672 eomes
1140 1608 1299 1676 Blesensis

132 1709 257 1787 etalii,
282 1725 299 1771 e
320 1707 452 1770 Francia
476 1706 717 1786 septentrionali
739 1707 873 1785 egressi,
901 1708 983 1771 viam
1006 1709 1139 1788 ingressi
1171 1713 1296 1775 suntin

133 1809 257 1874 ltaliam
281 1799 469 1872 inferiorem.
511 1804 590 1869 Inde
611 1806 690 1869 mari
711 1806 861 1870 adriatico
877 1809 1063 1872 transmisso
1078 1811 1299 1890 appetiverunt

133 1905 490 1990 constantinopolitam.
1218 1967 1221 1972 .

216 2009 305 2074 Viam
335 2007 464 2072 eandem
504 2007 640 2071 inierunt
668 2004 888 2086 Boamundus,
918 2005 1047 2071 Tarenti
1076 2010 1298 2091 princeps-et

133 2111 316 2176 Tancredus
339 2108 543 2174 consobrinus
557 2105 600 2187 ⁴).
816 2171 819 2178 ,
1148 2155 1150 2159 .

215 2209 408 2276 Raimundus
445 2207 624 2272 Tolosanus
657 2223 760 2269 comes
787 2213 821 2268 et
841 2205 1016 2269 Ademarus
1046 2208 1211 2289 episcopus
1238 2209 1298 2272 Po-

7 2363 17 2370 .
134 2309 430 2392 diensis-Alpibus
461 2306 674 2384 transmissio,
706 2323 762 2385 per
792 2304 917 2386 ltaliam
946 2309 1138 2386 superiorem
1168 2316 1200 2372 et
1222 2308 1299 2386 Dal-

120 2411 259 2475 matiam
282 2428 357 2475 suos
379 2410 528 2473 ducentes
551 2407 771 2487 appetiverunt
794 2404 1155 2488 Constantinopolimi).

217 2509 403 2576 Godefridus
425 2512 496 2588 dux,
521 2515 673 2586 utsupra
696 2506 846 2584 diximus,
877 2523 932 2586 per
955 2505 1150 2586 Hungariam
1173 2515 1205 2573 et
1228 2510 1301 2574 Bul·

135 2611 252 2688 gariam
274 2609 432 2690 profectus
452 2608 598 2689 pervenit
619 2606 660 2670 ud
682 2604 973 2686 Constantinopolis
995 2608 1163 2689 portas⁸).

218 2709 342 2774 Summo
371 2709 536 2786 exercitui,
566 2726 585 2770 a
615 2725 714 2787 supra
745 2706 1049 2788 dictisprincipibus
1071 2709 1181 2790 ducto,
1213 2717 1301 2775 ante-

135 2817 307 2890 cesserunt,
320 2810 457 2890 exceptis
470 2807 684 2888 compluribus
698 2807 830 2870 catervis
845 2807 952 2888 parvis
964 2809 1007 2888 ⁷),
1023 2815 1159 2898 quatuor
1175 2810 1301 2890 agmina

140 2941 408 2954 ...m——

206 3007 231 3076 1)
250 3004 486 3060 WillsllIalmesb.
505 3007 603 3075 (Bouq.
620 3004 695 3058 XIII.
714 3023 740 3074 p.
760 3005 801 3074 7J:
821 3004 985 3059 Godefridus
1000 3021 1049 3074 per
1062 2983 1233 3060 Pannoniam
1247 3006 1301 3062 iter

135 3093 285 3148 instituit.
306 3092 548 3161 ..Sequebantur
572 3109 635 3146 eum
656 3091 796 3156 Frisones,
821 3091 998 3162 Lotbaringi,
1024 3093 1144 3148 Saxones
1169 3097 1197 3147 et
1220 3095 1301 3162 quid·

135 3181 203 3250 quid
221 3179 348 3251 gentium
366 3179 441 3232 inter
457 3178 584 3232 Rhenum
604 3180 633 3232 et
651 3179 820 3232 Garumnam
839 3179 937 3232 fluvios
947 3180 1031 3249 jacet.

174 3267 304 3337 Molanus¹
317 3283 347 3346 p.⁴
362 3265 407 3317 85:
425 3263 545 3334 Collegit
562 3266 657 3319 autem
681 3264 801 3334 optimus
826 3265 955 3335 princeps
977 3265 1006 3319 in
1025 3267 1228 3336 Antwerpiensi
1253 3285 1302 3321 suo

271 3351 463 3406 Marehionatu
482 3350 619 3420 primitias
638 3351 720 3421 hujus
739 3369 831 3406 sacrae
849 3352 974 3407 militiae.

206 3457 233 3526 2)
252 3455 329 3510 Will.
348 3455 411 3525 Tyr.
428 3455 449 3508 I.
470 3455 509 3508 li.
545 3455 620 3509 Gest.
638 3456 659 3510 I.
679 3457 753 3510 1-3.

205 3562 233 3631 3)
253 3561 329 3615 WilL
347 3561 489 3614 Malmesb.
509 3561 607 3630 (Bouq.
626 3559 701 3614 XIII.
721 3580 747 3630 p.
766 3561 854 3630 7-8).

206 3665 233 3733 4)
251 3665 327 3720 ibid:
347 3666 531 3734 praevenerat
550 3683 596 3719 eos
614 3665 778 3734 compendio
797 3666 982 3719 Boamundus.

208 3765 235 3838 5)
254 3768 331 3823 Will.
350 3767 492 3823 Malmfflb.
510 3769 529 3822 l.
548 3787 570 3823 c.

276 3856 366 3911 nam.
384 3875 411 3926 p.
432 3856 575 3910 raalio.

208 3943 235 4012 o)
252 3943 329 3997 um.
349 3943 412 4013 pyr.
432 3943 452 3996 1.
473 3943 513 3996 17.
549 3941 636 3996 rauca
654 3942 765 3997 11-111.

207 4046 234 4113 7)
251 4047 338 4100 Fulch
363 4047 402 4100 u:
440 4047 521 4100 Anno
549 4046 696 4100 millesimo
721 4049 901 4118 nonagesimo
920 4052 998 4103 sexto
1018 4065 1112 4102 mense
1130 4047 1234 4102 Marcio
1253 4049 1304 4102 alii

140 4133 240 4202 paratu
270 4132 434 4201 perniciores
458 4132 520 4186 aliis
547 4133 603 4187 iter
631 4135 757 4186 sanetum
786 4152 897 4204 carpere
929 4138 1070 4206 ceperunt.
1108 4134 1164 4187 Alii
1193 4136 1304 4203 quidem

137 4235 231 4296 ¹maenae
257 4218 360 4288 Aprili,
386 4219 430 4273 vel
457 4219 545 4288 Majo,
571 4219 729 4284 valinum,
757 4220 814 4276 sive
838 4223 911 4276 Iulio
934 4241 984 4278 nec
1013 4241 1068 4277 non
1098 4221 1228 4292 Augusto
1257 4239 1305 4276 seu

1112 4339 1150 4392 2*
