3138 4912
598 355 892 447 Δ-

161 549 312 632 spondet,
341 549 511 640 exercitum
537 542 577 615 se·
598 557 853 633 gesturumesse
875 550 1014 617 honeste.
1067 546 1197 610 Pactum
1214 541 1324 624 jurant
1386 552 1389 557 ·

162 650 350 716 Calemanus
365 656 397 714 et
409 652 497 732 regni
514 651 668 716 nobilitas.
694 652 827 717 Obsides
839 651 905 715 .dat
924 647 1111 714 Grudelrirlus
1130 642 1324 725 ‚Balduinurn

159 749 291 814 fratrem
322 750 451 832 eJusque
483 753 682 836 comitatum3
725 755 820 834 copiis
853 759 956 816 autem
988 765 1145 829 quanrque
1178 742 1326 823 injuriam

159 849 323 930 Hungaris
343 851 464 928 illatam
487 872 585 934 poena
609 857 690 918 vitae
712 855 880 918 multatum
901 853 940 915 iri
964 851 1099 915 nuntiat.

244 951 363 1028 Quibus
385 948 478 1017 rebus
502 952 592 1018 factis
608 955 777 1021 ,Godelridi
793 955 957 1031 exercituo,
973 951 1063 1030 culpa
1078 967 1138 1013 non
1154 953 1324 1023 contracta,
1359 1023 1362 1028 Ι
1394 936 1397 941 ’
1436 1014 1438 1019 ,
1468 1001 1469 1006 ,
1505 1009 1506 1012 ,

159 1070 217 1132 per
238 1050 433 1131 Hungariam
457 1043 581 1117 transit.
626 1055 748 1140 Recipit
769 1054 894 1118 obsides
919 1050 1121 1126 Godelridus,
1151 1047 1237 1128 regni
1262 1054 1326 1110 ter-·

160 1153 421 1233 minocentact0,
451 1155 625 1234 accipitque
652 1155 806 1218 ditissima
836 1155 929 1218 druna.
972 1151 1062 1233 Apud
1091 1139 1198 1226 urbem
1227 1146 1324 1210 llale-
1379 1201 1381 1208 .

160 1249 263 1316 villam
284 1251 392 1332 plures
417 1253 483 1318 dies
503 1262 643 1324 moratus
665 1262 696 1318 et
718 1255 832 1320 Savum
855 1253 971 1318 flumen
988 1249 1203 1327 transgressus
1218 1253 1323 1310 castra

158 1351 241 1416 locat
263 1352 345 1432 apud
370 1353 603 1442 ltellegrrrram3'
622 1363 774 1437 appetens
796 1361 901 1419 autem
927 1349 1230 1429 Constantinopolim
1254 1347 1325 1410 bre-
1396 1369 1404 1406 a

158 1452 284 1516 vissimo
308 1451 446 1533 tompore
469 1462 599 1535 tangere
629 1458 734 1536 pergit
755 1457 817 1520 iter
838 1459 911 1536 post
934 1440 1050 1534 paucos
1080 1451 1145 1513 dies
1176 1467 1230 1527 per
1252 1444 1324 1508 Bul·
1395 1517 1402 1527 Ι,

157 1553 264 1630 gariae
286 1561 409 1618 montes
431 1545 600 1635 silvasque.
1115 1547 1118 1553 ’
1376 1543 1378 1550 ’

241 1653 369 1742 ¹illarius
382 1641 551 1736 imperator
564 1657 628 1736 jam
641 1675 678 1720 ex
693 1657 786 1740 longo
801 1651 939 1736 ternpore
955 1653 1104 1718 auxilium
1121 1650 1179 1713 sibi
1199 1648 1237 1710 ab
1258 1645 1337 1728 epi·‘
1402 1657 1403 1660 ’

156 1770 250 1832 scopo
259 1768 389 1818 romano
402 1761 434 1817 et
449 1755 490 1820 ab
504 1755 673 1820 occidentis
687 1757 880 1843 principibus
894 1753 1058 1818 ferendum
1073 1739 1320 1832 exspectaverat.

155 1852 281 1933 Imperii
290 1855 392 1934 graeci
402 1854 539 1918 conditio
548 1855 606 1918 hoc
622 1862 763 1936 tempore
779 1857 816 1920 ob
829 1856 945 1919 multas
965 1871 1074 1938 sarisas
1088 1857 1157 1914 erat
1172 1848 1259 1911 ralrle
1279 1845 1323 1908 al·
1347 1856 1349 1861 ’

155 1953 243 2031 flicta
255 1953 294 2034 ¹).
304 1953 482 2034 Imperator
493 1955 559 2035 ipse
573 1955 699 2022 Alexius
714 1955 923 2037 Nicephorum
931 1955 1132 2020 ¹Botoniatem
1147 1957 1326 2013 antecesso-
1345 1946 1348 1952 “
1398 1976 1400 2018 ;

155 2072 221 2118 rem
241 2053 371 2134 imperio
393 2056 583 2135 privaverat,
605 2063 639 2120 ut
662 2056 825 2136 imperium
848 2057 1084 2134 adipisceretur.
1128 2050 1253 2130 Imperii
1269 2048 1333 2133 acl-¹

154 2154 354 2218 ministrandi
384 2140 502 2219 mortus
524 2163 595 2219 erat
624 2159 788 2237 pessimus.
831 2157 1000 2219 Praeterea
1031 2155 1059 2216 in
1095 2151 1224 2231 imperii
1250 2169 1322 2230 per-

154 2273 298 2335 magnam
327 2263 449 2335 partem
480 2258 661 2321 invaserant
689 2257 854 2336 Saraceni,
884 2255 923 2318 ab
958 2255 1079 2317 oriente
1112 2251 1240 2332 egressi,
1262 2277 1264 2285 ·
1284 2252 1319 2314 ln
1349 2245 1352 2330 j

154 2374 260 2418 eorum
285 2356 427 2420 nranibus
449 2361 558 2436 erant,
580 2357 687 2436 paucis
710 2357 858 2437 exceptis,
890 2374 990 2436 paene
1014 2371 1120 2420 omncs
1142 2351 1321 2432 provinciae
1394 2398 1397 2402 .

155 2455 248 2522 Asiae
272 2457 401 2520 minoris
425 2475 494 2521 cum
518 2457 647 2537 imperio
670 2464 764 2532 antea
787 2459 980 2539 conjunctae.
1003 2455 1071 2518 Non
1088 2453 1216 2517 dubium
1241 2460 1321 2530 erat,

154 2555 228 2632 quin
250 2556 427 2620 occassione
457 2557 531 2620 data
555 2555 856 2638 Constantinopolim
879 2552 1098 2641 oupugnarent
1124 2560 1156 2617 et
1179 2552 1319 2616 Alexium
1346 2555 1349 2562 '

154 2671 193 2717 ex
215 2656 291 2719 urbe
314 2657 472 2737 ejicerent.

236 2754 320 2818 idem
343 2755 445 2820 facere
469 2757 635 2822 tentabant
656 2758 845 2830 Narmanni,
866 2755 906 2818 ab
930 2755 1091 2819 occidente
1108 2754 1236 2834 egressi.
1260 2753 1318 2816 Re-

107 2899 109 2904 ·
151 2854 270 2934 petitos
297 2854 437 2919 fecerant
467 2857 600 2938 impetus
628 2859 658 2921 in
689 2857 850 2936 imperium
881 2857 918 2918 arl
942 2855 1041 2918 solum
1064 2853 1173 2926 linem,
1201 2859 1236 2916 ut
1260 2852 1318 2915 sibi

151 2972 249 3034 regna
270 2955 498 3020 constituerent
520 2959 549 3020 in
572 2962 658 3021 terra
673 2959 841 3038 peregrina
863 2963 904 3036 et,
921 2957 947 3020 si
962 2954 1028 3019 fieri
1047 2961 1161 3036 posset,
1177 2946 1317 3017 Alexium

152 3055 282 3136 imperio
302 3058 474 3138 privarent.
506 3103 509 3109 -
726 3067 728 3072 ’
1340 3129 1343 3136 ,

233 3155 283 3220 Sic
304 3156 344 3220 ab
367 3166 501 3236 utraque
531 3163 622 3239 parte
644 3157 815 3238 periculum
841 3157 1007 3220 maximum
1038 3155 1264 3220 intendebatur
1286 3163 1319 3218 et

151 3256 262 3321 Alexio
283 3265 316 3320 ct
339 3256 628 3338 Constantinopolis
655 3257 896 3322 habitatoribus
922 3293 923 3298 κ
947 3258 1196 3338 Quotiescunque
1223 3257 1319 3334 igitur

67 3429 69 3434 ,
151 3357 260 3422 hostes
284 3356 323 3421 arl
348 3356 650 3437 Constantinopolim
671 3359 960 3438 appropinquantes
984 3357 1097 3421 bellum
1115 3356 1317 3436 renovabant,

148 3476 265 3538 pavore
292 3457 553 3539 perterrebantur
586 3476 648 3522 non
671 3457 770 3522 solum
794 3457 1082 3539 Constantinopolis
1111 3457 1317 3537 habitatores,

148 3575 188 3621 ne
210 3557 316 3624 hostes
345 3559 455 3623 urbem
484 3564 702 3640 expugnarent
728 3559 994 3639 imponereutqne-
1014 3559 1072 3621 sibi
1100 3558 1206 3622 furore
1228 3557 1318 3620 effre·

149 3663 224 3722 nato
247 3659 388 3740 quamvis
417 3659 561 3740 injuriam
592 3665 624 3722 ct
646 3659 881 3739 contumeliam,
914 3659 969 3723 sed
993 3660 1086 3722 etiam
1110 3657 1255 3737 alexius,
1278 3674 1317 3718 ne

149 3759 312 3823 amitteret
334 3759 509 3840 imperium.
611 3751 615 3758 ’
1168 3831 1171 3838 ,
1364 3769 1365 3774 ’

231 3860 318 3938 Quae
341 3879 393 3924 res
414 3860 552 3924 alexium
576 3857 862 3940 desideriovmagno
884 3859 1072 3948 alliciebant,
1092 3866 1130 3924 ut
1151 3859 1317 3939 episcopus

148 4011 440 4030 ffl———ss—

218 4073 244 4144 1)
262 4073 340 4128 Will.
358 4075 422 4149 Tyr.
438 4073 474 4128 ΙΙ.
494 4074 519 4130 4.
