3138 4912
687 425 728 486 49

126 625 246 702 pugnet
268 619 437 684 Turcarum
462 637 609 684 numerus
633 618 756 700 triplex.
778 618 983 684 Nihilominus
997 620 1168 685 Turcarum
1191 618 1289 700 agmi-

127 720 219 784 nibus
242 719 468 802 compluribuS,
495 725 665 800 antequam
687 738 792 801 pugna
813 719 936 800 incipit,
962 727 1091 802 propter
1116 721 1291 802 principum

127 819 315 884 discordiam
338 820 368 883 in
390 821 524 900 patriam
547 820 682 884 reversis
697 825 729 884 et
741 819 917 899 agminibus
933 820 1044 884 ceteris
1059 821 1141 884 iuter
1153 837 1288 900 pugnam

129 919 266 984 confusis
290 926 386 999 atque
415 921 444 984 in
466 919 573 999 iugum
603 919 773 998 conversio,
804 918 965 983 christiani
999 919 1157 983 victoriam
1193 919 1291 1001 adipi-

127 1027 259 1084 scuntur
292 1019 557 1100 gloriosissimam.
600 1019 675 1083 Fuit
720 1019 785 1082 dies
832 1019 994 1084 vicesimus
1026 1025 1156 1084 octavus
1178 1020 1293 1084 mensis

130 1119 226 1184 Junii.
272 1118 518 1184 Christianorum
546 1119 718 1184 occisorum
750 1138 898 1184 numerus
926 1119 987 1184 fuit
1022 1139 1162 1201 magum,
1196 1121 1292 1184 multo

129 1219 228 1300 orcjor
250 1218 424 1296 Turcarum
438 1221 474 1300 Ι).

130 1443 515 1514 christianorum
540 1444 779 1513 exereitus
807 1444 870 1514 ab
892 1443 1153 1514 Antiochia
1173 1435 1291 1515 llic·

406 1553 649 1638 rosolymu
671 1549 1009 1638 proficiscitur.

213 1734 394 1815 Postquam,
416 1733 567 1813 Kerbuga
590 1733 708 1816 fugato,
724 1732 886 1799 christiani
901 1751 938 1797 ex
954 1733 1152 1798 incommodis
1168 1734 1291 1799 liberati

130 1839 214 1912 sunt,
237 1834 393 1915 principes
415 1834 579 1915 epistolam
601 1836 733 1899 mittunt
754 1834 792 1898 ad
815 1833 956 1898 Alexium
979 1833 1294 1916 imperatoremque

130 1942 243 2014 rogent
271 1939 306 1997 ut
331 1933 525 1997 Antiochiam
555 1935 689 2015 accipiat
717 1936 747 1998 in
775 1935 925 1999 ditionem
956 1939 988 1997 et
1015 1934 1055 1997 ad
1080 1934 1296 2017 Hierosolyma

128 2034 338 2115 expugnanda
360 2034 467 2098 mittat
487 2034 661 2114 auxiliares,
681 2053 815 2115 quorum
836 2051 988 2098 summum
1004 2034 1166 2114 imperium
1188 2040 1297 2101 teneat

128 2137 205 2215 ipse.
248 2133 357 2198 Nuntii
379 2134 420 2198 ad
441 2134 583 2198 Alexium
608 2135 695 2198 missi
718 2142 793 2199 sunt
815 2133 907 2214 Hugo
924 2133 1058 2214 Magnus
1074 2139 1106 2198 et
1121 2134 1293 2200 Baiduinus

130 2235 357 2298 Heumacorum
387 2251 500 2314 comes
533 2251 665 2315 quorum
698 2234 749 2298 ille
783 2253 844 2298 non
876 2233 1015 2298 reditio
1048 2235 1215 2315 orientem,
1246 2237 1294 2299 bic

7 2369 25 2386 ν
130 2335 261 2398 moritur
283 2335 314 2397 in
336 2335 504 2414 itinere2).

213 2434 310 2499 Simui
332 2435 497 2515 epistolam
521 2434 650 2499 mittunt
675 2434 715 2497 ad
739 2431 899 2497 Urbanum
919 2450 1048 2513 papam,
1069 2451 1130 2514 qua
1150 2433 1294 2498 christia-

133 2553 241 2598 norum
251 2540 341 2614 gesta
351 2535 377 2598 ei
396 2533 536 2598 referant
550 2552 683 2614 eumque
693 2543 816 2613 rogent,
833 2539 869 2595 ut
883 2531 949 2613 ipse
965 2534 1131 2597 exercitum
1148 2534 1241 2598 ducat
1253 2533 1295 2617 ³),

133 2636 315 2713 praesertim
336 2653 430 2714 quum
455 2633 628 2698 Artemarus
650 2634 816 2714 episcopus
839 2631 888 2694 die
908 2632 1009 2712 primo
1032 2635 1147 2698 mensis
1162 2636 1295 2713 Augusti

132 2733 245 2814 obierit
257 2739 286 2814 ⁴)
306 2734 386 2797 diem
407 2751 596 2814 supremum.

215 2832 258 2898 Ut
280 2840 384 2897 autem
408 2833 578 2911 exercituo,
604 2837 653 2896 tot
672 2829 804 2896 miseriis
833 2822 962 2912 portatis
991 2837 1024 2894 et
1052 2831 1210 2897 laboribus
1231 2853 1296 2897 ma·

133 2934 222 2997 rimis
244 2934 410 3014 superatis,
432 2933 609 3013 requiescat
631 2937 664 2995 et
684 2933 765 2994 vires
787 2929 967 2995 debilitatos
991 2940 1119 3011 recreet,
1141 2934 1296 3014 principes

10 3103 26 3120 .
132 3035 193 3096 iter
215 3033 532 3114 Hierosolymitanum
556 3031 718 3112 usquead
741 3031 822 3094 diem
853 3030 987 3110 primum
1009 3031 1160 3095 diiicrunt
1182 3035 1296 3097 mensis

132 3132 367 3213 Novembris⁵).

215 3233 302 3296 Inter
329 3232 387 3296 hoc
419 3240 541 3312 tempus
568 3229 724 3310 principes
750 3246 818 3292 cum
847 3229 912 3292 suis
939 3230 1056 3308 partim
1082 3231 1113 3294 iu
1137 3231 1213 3294 urbe
1234 3233 1296 3294 Au-

134 3332 262 3414 tiocbia,
292 3333 458 3414 partimin
482 3331 580 3394 vicino
601 3335 782 3409 morantur,
805 3329 870 3391 sive
890 3346 924 3392 se
950 3329 1063 3394 dantes
1085 3331 1198 3411 quieti,
1230 3331 1295 3394 sive
1411 3357 1414 3365 ·

135 3543 423 3553 --.-.....-.-.--.-..

202 3621 228 3689 1)
247 3621 320 3675 Gest.
340 3620 381 3673 29.
402 3575 491 3673 Raim.
509 3637 536 3688 p.
557 3619 614 3672 154.
647 3617 755 3670 Komai.
775 3635 801 3685 p.
818 3617 929 3670 40-41.
966 3617 1028 3671 Alo.
1047 3618 1098 3685 Aq.
1117 3619 1164 3672 IV.
1183 3618 1294 3671 48-56,

270 3707 348 3761 Wili.
366 3706 429 3775 Tyr.
448 3706 495 3759 VI.
515 3704 624 3759 17-22.

202 3811 230 3880 2)
251 3811 328 3864 Will.
346 3810 411 3879 Tyr.
430 3809 492 3862 VII.
512 3809 535 3862 1.

199 3916 227 3985 3)
246 3915 339 3970 Fulch.
358 3913 417 3967 XV.

200 4020 228 4090 4)
248 4019 340 4073 euleu.
359 4018 432 4072 XIV.
468 4017 557 4071 Raim.
573 4035 599 4086 p.
620 4017 677 4069 155.
713 4014 790 4069 Wili.
808 4015 872 4083 Tyr.
890 4012 952 4066 VII.
973 4013 995 4064 1.

200 4124 228 4191 5)
246 4123 335 4176 Raim.
356 4142 382 4192 p.
403 4123 464 4174 155:
483 4121 519 4176 de
537 4120 637 4174 itinere
657 4119 859 4189 propterquod
882 4119 1022 4180 venerant,
1037 4118 1122 4172 nostri
1136 4121 1295 4192 (principes)

131 4226 216 4277 usque
236 4210 265 4262 in
283 4210 339 4262 irai.
357 4209 490 4263 Novemb.
513 4209 609 4262 contra
629 4206 673 4260 dei
692 4210 869 4276 praeceptum
888 4205 1065 4260 distulerunt.

1038 4371 1058 4427 4
