3138 4912
700 438 740 499 25

136 640 308 724 postulent,
330 646 366 705 ut
389 639 551 720 Hugonem
576 641 609 704 in
630 641 821 722 libertatem,
834 659 890 724 per
909 643 1014 706 dolum
1038 644 1190 723 ereptam,
1211 632 1310 706 resti·

137 749 207 807 tuat
229 741 395 823 extemplo,
419 740 592 822 Postquam
612 743 734 806 interea
756 741 966 817 (lodel'ridus,
988 761 1044 824 per
1065 739 1304 822 Adriauopolim

135 841 308 924 proiectus,
339 839 514 906 salabriam
535 843 688 924 pervenit,
721 842 819 922 legati
845 841 960 907 infecta
989 861 1022 906 re
1051 841 1191 906 redeunt.
1235 841 1306 917 Qua

136 943 174 1006 de
207 959 241 1005 re
272 941 463 1006 Godelridus
493 944 540 1006 ita
567 941 743 1007 exardescit
773 943 836 1023 ira,
866 950 901 1007 ut
929 943 1036 1024 copiae
1057 943 1215 1022 regionem
1239 940 1308 1004 uni-

139 1061 259 1107 versam
284 1049 408 1106 vastare
430 1051 462 1105 et
485 1060 580 1122 quam
602 1035 753 1108 maximas
773 1043 909 1124 praedas
930 1042 1032 1108 iacere
1049 1041 1230 1122 jubeantur.

221 1141 308 1206 Mota
329 1142 509 1224 compulsus
524 1141 563 1226 ¹),
583 1161 621 1207 ne
639 1143 758 1208 subditi
780 1145 928 1208 damnum
950 1144 1043 1208 nimis
1065 1161 1212 1222 magnum
1236 1159 1307 1206 con-

139 1241 319 1318 traherent,
351 1249 445 1322 rogat
466 1241 594 1306 Alexius
616 1241 839 1322 Godefridum,
867 1250 902 1307 ut
924 1244 962 1306 ab
986 1243 1151 1308 hostilibus
1173 1243 1306 1306 desinat.

139 1341 328 1407 Godeiridus
352 1343 553 1424 imperatoris
578 1343 733 1408 voluntati
756 1345 932 1425 obsequens
946 1343 986 1408 ad
1003 1342 1308 1423 Constantinopolim

139 1442 356 1523 proficiscitur.
400 1444 483 1506 Ante
506 1443 614 1508 urbem
646 1445 720 1508 dum
743 1453 846 1508 castra
868 1446 972 1526 ponit,
1004 1447 1136 1508 maxime
1165 1444 1309 1522 miratur,

140 1543 328 1624 paulopost
350 1543 407 1607 sibi
431 1561 464 1606 se
487 1543 600 1608 offerre
622 1563 689 1608 cum
713 1545 779 1609 suis
802 1545 977 1624 Hugonem,
992 1545 1045 1625 qui
1061 1543 1310 1623 eximperatoris

140 1645 289 1708 mandato
311 1644 496 1708 amicissime
520 1644 723 1709 Godelridum
749 1646 881 1724 invitet,
914 1651 950 1709 ut
969 1645 1088 1709 auricus
1118 1643 1248 1708 accedat
1269 1639 1308 1704 ad

141 1744 304 1825 palatium.
328 1744 477 1821 Quamvis
499 1746 603 1809 animo
619 1745 728 1810 libenti
743 1745 941 1822 Godelridus
955 1744 1141 1808 invitatione
1153 1748 1311 1824 suscepta,

142 1864 209 1910 cum
235 1844 343 1908 Alexio
367 1845 525 1926 junxisset
548 1845 734 1924 amicitiam,
764 1845 859 1909 nihilo
882 1851 986 1910 tamen
1007 1847 1108 1909 secius
1131 1863 1168 1908 ex
1188 1843 1309 1908 occulto

141 1946 365 2026 praemonitus,
388 1963 427 2009 ne
448 1946 545 2008 vitam
570 1952 687 2010 temere
709 1945 949 2027 periclitaretur,
965 1944 1090 2008 desistit
1105 1962 1123 2007 a
1136 1945 1309 2026 proposito.

142 2046 364 2112 invitationem
388 2047 502 2110 renuit.
1002 2087 1007 2096 ·

224 2143 360 2227 Propter
389 2145 512 2209 instans
546 2147 721 2210 nativitatis
754 2145 872 2210 Christi
901 2145 1014 2209 festum
1037 2145 1164 2209 Alexius
1186 2143 1310 2208 emendi

142 2244 360 2326 vendendique
392 2245 550 2310 licentiam
580 2247 682 2311 verbis
713 2254 846 2310 renovat
875 2246 1038 2326 expressis.
1084 2243 1178 2308 Festo
1199 2242 1311 2306 nativi·

142 2347 220 2410 tatis
243 2344 362 2410 Christi
394 2345 554 2410 celebrato
586 2348 700 2412 iterum
722 2346 843 2426 legatos
871 2346 970 2410 mittit
994 2345 1121 2408 Alexius
1144 2343 1183 2408 ad
1208 2341 1312 2405 Goda-

143 2445 266 2523 lridum,
288 2447 341 2528 qui
360 2445 509 2512 nrarrdata
531 2453 781 2529 persequantur,
813 2455 849 2510 ut
871 2446 1062 2512 Godel'ridus
1083 2450 1213 2527 propter
1235 2453 1314 2506 tem-

145 2564 203 2626 pus
233 2546 371 2627 pluviale
398 2549 568 2612 exercitum
603 2553 754 2612 traducat
783 2547 815 2610 in
847 2547 968 2628 palatia
999 2547 1093 2626 longe
1127 2541 1314 2622 extensall,

145 2645 228 2708 inter
256 2648 352 2710 maris
384 2647 543 2711 brachium
575 2654 607 2711 et
640 2647 830 2728 Bathyssum
861 2646 975 2712 danaen
1006 2647 1083 2726 sita,
1113 2647 1180 2726 ipse
1207 2649 1315 2707 autem

145 2743 275 2808 accedat
297 2745 336 2809 ad
358 2748 590 2827 imperatorem.
636 2747 718 2812 lllud
742 2749 881 2828 suscipit,
907 2747 964 2811 hoc
985 2747 1091 2810 renuit
1114 2744 1315 2809 Godolridus.

146 2844 326 2909 Exercitum
356 2847 423 2910 sine
457 2865 548 2911 nrora
579 2849 611 2911 in
639 2847 758 2928 palatia
788 2853 1030 2912 commemorata
1053 2845 1199 2926 traducit.
1243 2843 1315 2923 lpse

146 2943 293 3008 accedere
326 2947 367 3010 ad
391 2947 610 3026 imperatorem
634 2947 692 3010 sibi
713 2966 777 3011 non
801 2947 935 3019 videtur,
979 2945 1165 3027 Imperatori
1188 2942 1313 3021 diffidit,

145 3045 198 3109 sed
224 3045 325 3108 verbis
357 3047 484 3111 mitibus
516 3046 722 3112 diffidentiam
744 3049 899 3126 vestiti).
932 3047 1052 3110 lerato
1074 3045 1146 3108 hinc
1168 3043 1316 3123 illincque

146 3185 427 3194 -—-.-.--———--

216 3265 243 3334 1)
263 3265 325 3319 Alb.
345 3266 398 3334 Aq.
410 3265 446 3320 ΙΙ.
466 3267 560 3319 9-10.
579 3265 656 3320 Will.
676 3267 741 3337 Tyr.
758 3267 793 3321 ΙΙ.
812 3269 836 3321 6.

214 3370 242 3438 2)
263 3371 393 3425 Albertus
419 3371 553 3440 Aquensis
577 3370 624 3441 (ΙΙ.
645 3371 687 3439 ll)
710 3372 739 3424 in
758 3373 886 3442 augendo
912 3390 1028 3427 numero
1044 3370 1225 3425 immodicus:
1244 3386 1317 3438 quae

145 3457 276 3528 (palatia)
302 3457 438 3528 spatium,
469 3458 573 3526 inquit,
601 3457 720 3528 triginta
756 3459 919 3512 milliarium
949 3459 980 3513 in
1010 3459 1093 3513 litore
1123 3457 1208 3511 maris
1239 3473 1313 3510 com·

146 3544 330 3614 prehendunt.

180 3649 267 3704 Recte
293 3649 363 3704 dicit
390 3650 551 3705 Willermus
576 3652 703 3722 'iprensis
730 3651 788 3722 (VI.
808 3652 836 3720 7)
861 3650 936 3704 sinus
968 3648 1177 3720 longitudinem.
1198 3641 1255 3700 esse
1281 3646 1317 3700 ad

292 3735 383 3790 millia
403 3737 528 3806 quinque
546 3739 591 3793 vel
609 3756 664 3792 sex.

215 3840 242 3907 3)
260 3840 323 3894 Alb.
346 3827 517 3910 aq.'11.11:
542 3842 661 3897 libenter
682 3843 710 3896 et
734 3845 831 3913 optato
856 3843 892 3896 ad
910 3845 938 3897 te
957 3843 1131 3912 ingrederer,
1151 3840 1268 3892 honores
1289 3839 1318 3891 et

147 3922 259 3980 (livitias
276 3928 372 3982 domus
390 3930 456 3983 tuae
476 3930 684 3994 considerarem,
703 3931 750 3984 scd
768 3932 931 3984 termerunt
948 3947 991 3984 me
1010 3927 1132 3998 plurima
1149 3926 1231 3989 mala,
1246 3942 1317 3994 quac

148 4010 261 4065 auribus
285 4015 352 4070 meis
374 4017 407 4070 de
430 4021 457 4070 te
481 4018 678 4072 innotuerunt:
701 4017 791 4070 neseio
816 4019 927 4081 tamen,
947 4016 970 4069 si
993 4017 1037 4070 rel
1062 4012 1169 4068 invidia
1188 4015 1239 4067 aut
1254 4011 1318 4066 odio

147 4094 191 4150 tui
210 4096 278 4152 haec
296 4103 492 4160 adinvenisset
510 4105 627 4174 vulgata
644 4103 709 4158 sint.
