3138 4912
731 407 770 470 ab

161 607 225 669 sint
247 623 342 668 naves
366 623 439 668 suae
463 623 502 669 an
524 604 673 684 hostiles,
704 607 909 670 interrorem
933 607 1097 671 marimum
1130 615 1233 672 autern
1257 627 1328 673 con·

156 706 316 784 jiciuntur,
345 723 451 784 quoin,
480 706 577 769 dnbio
602 706 719 786 soluto,
750 725 845 768 iratres
869 725 942 769 saras
970 708 1010 770 eb
1040 707 1205 772 hostilibus
1229 713 1328 790 preun

160 804 432 867 vehementissime
459 806 593 870 rideant.
621 841 656 849 —-
682 805 770 868 Nunc
794 808 896 887 ipsnrn
919 809 1030 870 iterunr
1054 808 1091 870 de
1118 827 1193 888 pace
1215 811 1327 889 egendi

159 904 250 967 adest
275 914 398 986 ternpus
420 907 460 967 ab
484 905 591 968 Alerxio
615 913 839 985 exspectatum.
863 905 958 987 Cujus
975 909 1123 972 nrandato
1139 908 1327 1003 Butunrites‚

159 1006 268 1069 classis
301 1006 484 1086 plerumque
515 1005 697 1085 Turcopulis
726 1005 912 1087 ar·rnatae¹)
944 1008 1134 1086 praefectus
1168 1008 1208 1072 ab
1242 1009 1327 1072 urbis

159 1107 315 1185 praesidio
350 1125 387 1168 ex
420 1107 540 1170 occulto
570 1107 727 1188 postulat,
757 1113 792 1168 ut
815 1108 921 1169 orbern
951 1107 1007 1170 snb
1031 1106 1198 1172 lenissirnis
1219 1111 1325 1174 condi-

160 1207 297 1270 tionibus
319 1207 412 1270 dedat
435 1208 635 1288 imperatori,
656 1206 763 1268 addito
789 1206 894 1269 urbern
919 1207 1016 1270 inulto
1036 1209 1146 1271 melius
1169 1227 1236 1273 sese
1260 1228 1327 1274 esse

159 1306 338 1371 habituram
363 1308 546 1386 imperatori
568 1307 718 1381 deditam,
740 1321 833 1385 quarn
856 1307 1028 1370 occidentis
1050 1307 1254 1388 principibus.

242 1407 342 1483 Quurn
366 1407 577 1487 praesidinm,
599 1408 737 1487 principe
758 1406 884 1485 fugato,
913 1407 952 1469 de
975 1426 1030 1487 spe
1051 1409 1237 1487 decesserit,
1259 1427 1327 1472 sese

158 1508 319 1570 obsidione
343 1507 509 1570 liberatnrn
533 1508 587 1585 iri,
616 1525 710 1586 qunrn
734 1508 776 1570 sit
796 1525 910 1587 niagno
934 1509 1060 1588 timore,
1092 1529 1130 1572 ue
1151 1519 1325 1574 contineatu

160 1607 407 1688 intercludatur,
437 1609 477 1671 ad
503 1609 700 1688 imperatoris
723 1608 917 1671 conditiones
932 1609 1057 1671 veniens
1074 1609 1181 1672 urbenr
1198 1609 1325 1680 dedier.

159 1709 248 1785 Quod
273 1710 317 1771 ita
341 1708 393 1786 fit,
427 1715 463 1772 ut
485 1707 596 1772 Graeci
627 1727 663 1771 ex
686 1709 857 1789 composito
887 1710 917 1770 in
940 1708 1061 1772 dnobus
1084 1708 1159 1772 locis
1180 1709 1257 1773 clorn
1281 1711 1325 1772 in-

161 1815 247 1872 trent
270 1809 377 1872 urbetn
401 1816 637 1890 proponentque
654 1809 683 1871 in
700 1826 798 1888 muro,
812 1809 912 1888 portis
927 1808 1026 1872 denuo
1039 1808 1164 1885 clausis,
1182 1809 1324 1872 vexillurn

158 1910 374 1988 imperatoris,
404 1908 477 1972 elurn
500 1908 641 1985 alexius,
673 1909 774 1988 speeie
802 1908 908 1971 anxilii
940 1908 1074 1986 ferendi,
1103 1909 1260 1990 principes
1284 1911 1323 1972 ed

158 2011 238 2072 vires
261 2008 409 2072 fortiores
432 2017 543 2072 contra
566 2008 672 2071 nrbern
696 2006 888 2071 adhibendas
913 2006 1076 2088 iricitat³l.

239 2111 289 2172 lro
314 2129 434 2172 saturnia
465 2109 675 2186 dissimulata,
705 2108 859 2188 principes
887 2107 1064 2188 perturbati
1094 2107 1133 2169 ab
1162 2107 1324 2172 obsidione

158 2211 327 2273 desistunt.
374 2210 500 2272 Facturn
525 2210 657 2272 reddere
680 2209 790 2271 nolunt
810 2205 957 2270 infectura
982 2226 1038 2269 nee
1060 2215 1198 2286 possunt.
1233 2208 1323 2271 Urbis

156 2308 345 2389 praesidium
380 2310 548 2388 imperator
570 2307 837 2387 Constantinopoli
870 2309 899 2369 in
927 2312 994 2370 tuto
1019 2307 1167 2387 collocat3
1193 2307 1322 2372 liabita-

154 2417 239 2472 tores
262 2409 424 2474 christiani
447 2411 476 2471 in
502 2410 578 2472 urbe
602 2417 772 2471 renranent.
796 2407 856 2470 Pro
880 2406 998 2486 praedo
1020 2407 1175 2488 principes
1199 2425 1321 2470 eorum-

154 2527 214 2588 que
237 2511 343 2590 copiae
364 2510 511 2590 pecunias
540 2527 670 2585 ningues
693 2509 849 2588 accipiunt
871 2507 909 2568 ab
936 2507 1054 2569 Alexio.
1096 2506 1321 2570 Invitationcru

155 2610 251 2688 ipsanr
282 2611 480 2690 imperatoris
514 2617 682 2688 sequentes
705 2608 887 2670 l‘elecannrn
918 2625 950 2690 se
973 2605 1135 2668 conferunt
1157 2609 1321 2688 principes,

155 2716 190 2770 ut
212 2710 377 2772 consulant
398 2729 466 2773 curn
489 2709 551 2787 illo,
573 2709 646 2790 quid
667 2727 760 2788 porro
783 2709 825 2770 sit
844 2706 999 2786 egerrduur
1016 2707 1054 2768 ad
1078 2706 1196 2770 l'ureas
1217 2709 1321 2772 devin-

154 2810 287 2887 cendos,
310 2809 483 2888 jurantque
505 2811 616 2872 iterorn
640 2809 709 2872 lidei
735 2806 1006 2888 jusjuramluur⁴t
1049 2805 1231 2871 Tarrcredns
1253 2811 1345 2904 ipse„
1420 2806 1426 2825 “

150 2908 240 2987 jurat
262 2908 315 2971 din
338 2909 510 2988 retrisns⁵).
879 2912 882 2918 '

235 3008 309 3071 Dies
332 3006 497 3070 deditionis
520 3005 579 3070 fuit
601 3006 666 3069 dies
690 3005 852 3069 vicesimus
876 3005 990 3068 mensis
1014 3004 1035 3067 J
1040 3005 1103 3067 unii
1116 3003 1159 3085 ⁰).

224 3245 249 3314 1)
269 3246 343 3299 Gest.
364 3244 452 3299 VHL:
471 3261 588 3314 suosque
608 3243 777 3314 Tureopulos
793 3240 939 3294 rnandavit
957 3239 1095 3309 (Alexius)
1115 3256 1178 3292 eum
1200 3238 1246 3292 eis.

222 3351 251 3420 2)
269 3351 343 3405 (ieet.
361 3350 380 3404 l.
399 3368 422 3403 c.
439 3350 530 3403 Raim.
551 3349 569 3401 l.
589 3365 611 3401 0.
631 3347 691 3400 Alb.
711 3347 762 3414 Aq.
783 3346 818 3398 ΙΙ.
836 3346 877 3398 37.
897 3343 973 3397 Will.
993 3345 1056 3414 Tyr.
1077 3343 1125 3396 ΙΙΙ.
1146 3344 1185 3397 ll.

220 3454 249 3524 3)
268 3455 302 3507 H.
323 3473 347 3507 v.
367 3453 430 3524 Syll.
450 3472 477 3524 p.
496 3452 641 3506 344-345.

219 3560 248 3629 4)
268 3557 346 3612 Alex.
365 3557 412 3611 lib.
432 3557 479 3610 XI.
498 3576 524 3628 p.
549 3557 611 3610 250:
638 3558 678 3608 aul
703 3557 735 3620 δὴ
760 3554 963 3622 ουνιληλιῖθεοαν
992 3553 1105 3612 ἅπαντας
1129 3553 1170 3602 καὶ
1194 3551 1318 3622 ἐπλήρουν

152 3648 195 3696 τὸν
213 3646 292 3710 ὅρκον.

221 3748 248 3816 5)
267 3748 336 3803 Ibid.
357 3767 382 3817 p.
401 3749 465 3802 251:
484 3741 539 3799 εἶτα
560 3748 712 3813 αἰσχυνθεὶς
729 3747 819 3798 δίδωσι
837 3747 877 3796 καὶ
895 3745 972 3802 αὐτὸς
989 3741 1088 3811 densat
1108 3740 1232 3806 Ταγγρὴς.

221 3851 248 3922 6)
265 3853 341 3907 Will.
361 3852 425 3921 Tyr.
446 3851 494 3905 ΙΙΙ.
514 3851 560 3904 12:
587 3851 675 3919 Capta
693 3850 737 3903 est
754 3850 849 3902 autern
871 3847 937 3900 urbs
955 3845 1059 3899 Nicaea
1081 3859 1153 3896 anno
1172 3841 1209 3894 ab
1228 3840 1317 3893 incar·

153 3938 265 3994 natione
284 3937 394 3993 Domini
413 3937 559 3990 millesimo
576 3936 755 4006 nonagesimo
773 3934 899 4005 septimo,
918 3947 1011 3986 iriense
1024 3928 1115 3992 Junio,
1134 3927 1262 3981 vicesimo
1274 3925 1318 3980 die

153 4025 260 4080 niensis.
277 4026 423 4080 Gestorum
442 4027 540 4079 auctor
557 4021 648 4092 (VIII)
666 4025 695 4076 et
713 4019 873 4074 Pulcherius
891 4019 953 4089 (IV)
972 4017 1067 4073 errent
1085 4016 1203 4081 uterque
1221 4014 1255 4066 de
1273 4012 1318 4066 die

151 4113 371 4181 expugnationis

1120 4253 1154 4305 3*
