3138 4912
828 401 868 462 20

269 604 348 665 riam
372 601 694 682 Hierosolymitanam
719 605 873 684 ineuntia,
904 605 1035 685 primum
1066 605 1234 670 aGaltcro
1256 607 1294 671 de
1315 609 1431 690 Pexejo

267 710 307 781 et,
337 710 410 782 post
440 703 506 782 ejus
529 703 664 783 obitum,
697 722 716 767 a
739 704 870 770 Galtero
900 706 967 769 sinc
989 707 1121 786 pecunia
1143 707 1237 787 dicto,
1259 710 1430 773 seeundum

266 803 400 867 aPetro
432 804 578 880 eremita,
611 803 737 867 tertium
772 821 791 866 a
834 803 1024 868 Godescalco
1069 806 1202 886 quodam
1237 809 1431 889 presbytero,

266 912 414 985 quartum
438 921 457 966 a
484 902 648 967 Guilielnxo
669 905 875 984 carpentario,
901 904 941 968 ab
962 905 1108 970 Enricone
1130 906 1261 987 aliisque
1274 908 1429 988 equitibus

265 1005 404 1068 [luctum.

348 1106 483 1182 Quorum
507 1106 663 1183 agminum
687 1112 820 1184 quatuor
842 1105 987 1185 quodque
1008 1105 1048 1168 ab
1066 1105 1297 1170 habitatoribus
1319 1125 1430 1188 regno-

267 1221 345 1285 rum,
368 1225 424 1286 per·
445 1223 524 1285 quae
548 1206 752 1283 transierunt,
784 1204 900 1268 multas
923 1206 1049 1286 quidem
1072 1214 1165 1286 atque
1188 1223 1319 1285 magnas
1341 1225 1429 1271 aeru-

267 1323 356 1368 mnas
378 1304 642 1384 contumeliasque
663 1304 805 1384 pertulit,
829 1312 932 1368 tamen
955 1305 1061 1386 plures
1084 1313 1117 1368 et
1136 1308 1270 1386 majores
1293 1307 1430 1389 injurias,

266 1405 477 1484 crudelitates,
501 1405 560 1468 imo
583 1403 827 1468 inhumanitates
851 1407 1011 1468 commisit.

351 1510 427 1570 Arte
450 1505 588 1568 oratoria
610 1504 749 1567 adbibita
771 1505 883 1569 Petrus
902 1506 1031 1568 eremita
1053 1504 1138 1571 brevi
1153 1512 1294 1590 tempore
1311 1509 1430 1588 colligit

266 1610 296 1671 in
334 1606 540 1684 Locharingia
569 1623 690 1684 agmen.
735 1603 925 1669 Catervatim
958 1607 1039 1669 circa
1064 1625 1133 1670 eum
1162 1625 1195 1671 se
1226 1616 1428 1689 congregant.

266 1713 434 1772 armatura
462 1708 587 1770 omnino
617 1705 757 1784 neglecta
788 1707 923 1769 animum
945 1706 1106 1788 inducunt,
1130 1709 1195 1771 viro
1218 1717 1329 1773 sancto
1352 1711 1429 1775 duce

265 1829 297 1872 se
319 1805 538 1888 Hierosolyma
559 1805 649 1869 lacile
681 1823 749 1868 esse
770 1812 1013 1885 expugnaturos.
1058 1806 1265 1872 Nihilominus
1289 1809 1428 1890 Petrum,

265 1912 318 1991 qui
338 1909 429 1973 nimis
451 1909 543 1985 longe
564 1913 712 1984 moratur,
734 1914 768 1968 ut
789 1905 828 1967 ael
851 1907 912 1968 iter
934 1906 1140 1985 incipiendum
1162 1925 1253 1988 quam
1276 1909 1428 1990 plurimos

266 2011 394 2090 excitet,
421 2007 570 2072 Coloniae
595 2006 658 2086 jam
692 2006 905 2085 relinquentes
933 2007 993 2069 iter·
1015 2006 1335 2090 Hierosolymitanum
1359 2030 1429 2093 per-

265 2121 343 2190 gunt
366 2108 495 2173 Galtero
519 2108 556 2169 de
578 2105 691 2183 Pexejo
714 2105 792 2168 duce
808 2113 842 2184 ¹).
864 2103 1026 2186 Hungaria
1044 2109 1111 2172 sine
1128 2109 1191 2174 ullo
1207 2111 1427 2192 impedimento

266 2222 460 2287 transcursa,
502 2206 648 2286 Bulgaris
685 2205 836 2268 adversus
872 2207 1090 2273 resistentibus
1133 2209 1244 2273 bellum
1278 2209 1425 2289 inferunt,

264 2313 479 2390 Bellegraram
502 2314 728 2387 expugnantes,
751 2306 953 2371 crudelitates
971 2317 1168 2385 exercentes,
1196 2309 1342 2389 praedam
1375 2326 1426 2370 ca-

263 2414 395 2492 pientes,
419 2425 541 2488 campos
563 2413 736 2486 perstantes
758 2425 867 2486 greges
895 2408 1092 2489 deripientes
1137 2408 1197 2472 Sed
1217 2407 1425 2486 Bulgarorum

264 2511 378 2592 gladiis
413 2525 528 2588 magna
570 2507 738 2570 rnultitudo
776 2508 977 2572 interimitur.
1022 2507 1203 2588 Quicunque
1241 2515 1347 2572 auteur
1387 2527 1425 2570 ex

262 2612 469 2690 Bulgarorum
501 2608 614 2688 gladiis
644 2608 799 2688 evadunt,
825 2608 1097 2688 Constantinopoli
1120 2614 1166 2685 et,
1191 2607 1276 2672 brevi
1305 2616 1425 2689 postea,

262 2713 336 2776 Asia
358 2717 515 2788 contacta,
538 2709 760 2772 interimuntur
783 2727 801 2772 a
823 2706 993 2772 Saracenis.
1038 2707 1096 2770 Vix
1117 2725 1198 2772 unus
1223 2725 1330 2773 eorum
1352 2727 1425 2774 con-

262 2814 362 2893 spexit
384 2808 609 2888 Hierosolyma.

344 2910 465 2974 Galteri
500 2927 614 2987 agmen
650 2907 800 2986 Petrus²)
831 2923 900 2968 mox
931 2907 1074 2987 sequitur
1106 2927 1175 2973 cum
1212 2910 1424 2990 quadraginta

261 3013 415 3076 hominum
437 3007 586 3088 millibus
608 3028 624 3071 e
647 3006 792 3087 gentibus
813 3006 923 3070 Italiae
946 3009 1133 3090 superioris,
1155 3010 1323 3090 Francius,
1346 3010 1424 3074 Ger·

262 3113 383 3176 maniae
412 3109 558 3174 collectis.
601 3107 747 3173 Nondum
777 3108 940 3187 Hungaria
962 3110 1087 3172 omnino
1109 3117 1303 3191 transcursa,
1327 3111 1424 3174 hosti-

261 3215 334 3276 lium
355 3213 473 3275 iaciunt
492 3211 624 3274 initium.
667 3207 854 3271 Malerillam
887 3208 927 3272 ed
952 3209 1066 3274 Savum
1090 3211 1181 3274 sitam
1205 3219 1423 3290 expugnantes

263 3318 342 3378 sicut
363 3312 446 3375 ierac
468 3311 596 3388 bestiae,
620 3309 796 3388 quicunque
813 3307 947 3372 bostium
967 3309 1024 3374 sibi
1043 3318 1120 3374 eunt
1141 3310 1274 3391 obviarn,
1293 3311 1423 3374 obtrun-

261 3425 342 3479 cant.
365 3412 551 3477 Ceciderunt
571 3408 658 3472 urbis
677 3407 889 3471 habitatorum
912 3416 1049 3489 quatuor
1072 3408 1177 3472 millia.

343 3513 450 3592 Neque
470 3511 594 3592 impunc
617 3514 762 3588 suscepta
784 3514 858 3572 scunt
878 3507 998 3588 flagitia
1020 3528 1039 3572 a
1061 3510 1215 3590 Bulgaris.
1254 3511 1312 3588 Qui
1335 3529 1422 3575 exer-

260 3617 321 3678 citu
352 3613 468 3675 enormi
499 3609 669 3673 constituto
700 3608 730 3669 in
760 3626 866 3688 pugna
896 3610 981 3688 apud
1016 3607 1139 3672 Nissam
1170 3617 1312 3692 pugnata
1338 3611 1421 3676 Petri

259 3713 414 3777 hominurn
436 3712 540 3772 decem
563 3706 659 3771 millia
681 3706 879 3786 interficiunt,
895 3707 1421 3790 impedimentorum,armentorum

256 3901 411 3974 Septembri
431 3902 516 3968 atque
535 3896 660 3960 Octobri,
680 3898 764 3967 prout
782 3900 943 3965 sumptuum
968 3899 1162 3968 opportunitas
1181 3899 1310 3963 occurrit,
1328 3900 1421 3954 subse·

257 3990 339 4062 quuti
358 3989 430 4042 suut.

325 4094 353 4163 1)
375 4092 451 4145 uin.
468 4089 532 4159 cyr.
549 4089 570 4143 1.
590 4088 631 4141 rs.

327 4197 355 4266 a)
374 4195 451 4250 wau.
470 4193 533 4263 cyr.
551 4193 572 4246 a
591 4192 701 4246 re-ar.
