3138 4912
721 367 758 428 13

589 448 881 465 ’.ῃ-ου*

154 572 354 650 abrogarunt
375 573 407 632 et
428 567 630 648 Rudolphum
652 567 842 632 Suabeuseru
867 567 1033 648 elegerunt
1049 589 1163 650 regem.
1185 571 1319 644 Paratus

155 679 204 736 est
231 671 387 734 exercitus
417 687 551 748 maguus
582 667 622 730 ad
651 667 816 730 ilenricum
854 669 891 730 de
929 669 1059 749 imperio
1093 671 1319 752 depellendum.

156 772 199 836 Ut
221 771 353 834 alterius
377 768 552 832 adversarii
572 769 708 847 gratiam
734 776 915 848 recuperet,
946 768 1098 834 Heuricus
1127 790 1145 833 a
1169 771 1321 852 Gregorio

156 871 381 936 absolutionem
405 870 497 949 petit.
541 865 699 931 Canossae
722 867 895 933 absolvitur
918 870 975 932 sub
997 871 1229 936 conditionibus
1250 891 1321 953 gra-

156 972 302 1037 vissimis.
350 970 391 1033 Ut
421 969 539 1032 alteros
566 969 765 1030 adversarios
794 969 824 1032 in
855 968 1005 1034 ditionem
1035 971 1152 1052 imperii
1189 973 1322 1052 redigat,

157 1072 324 1136 exereitum
359 1067 487 1148 colligit.
531 1067 565 1131 lu
596 1085 725 1130 numero
748 1067 888 1132 fidelium
918 1087 1016 1150 parvo
1053 1079 1102 1134 est
1136 1073 1323 1136 Godefridus

159 1169 375 1236 Buliioueusis.
419 1169 580 1232 Acerrime
617 1186 722 1247 pugna
758 1174 919 1248 pugnatur
956 1169 1039 1252 apud
1082 1171 1322 1254 Merseburgum

159 1291 241 1336 anno
276 1268 436 1332 millesimo
473 1263 671 1346 octogesimo.
718 1267 857 1348 Utraque
898 1287 972 1348 pars
1005 1269 1131 1335 fortiter
1172 1280 1324 1353 pugnant.

159 1371 253 1436 Modo
276 1369 407 1432 victoria
428 1385 523 1448 penes
544 1365 724 1447 Heuricum‚
749 1369 837 1431 modo
860 1387 954 1448 penes
971 1371 1170 1452 Rudolpbum
1193 1379 1325 1437 constat.

161 1471 315 1538 Victoriae
351 1468 465 1532 dubiae
499 1467 592 1530 linem
630 1466 792 1531 Godefridi
827 1468 950 1548 gladius
986 1471 1084 1550 pouit.
1127 1473 1324 1555 Rudolphum

158 1577 259 1657 ipsum
289 1568 478 1636 Godeiridus
510 1567 701 1647 aggreditur.
746 1567 884 1649 Uterque
922 1570 1143 1636 violentissime
1173 1580 1325 1654 pugnant.

163 1671 356 1740 Godelridus
384 1669 488 1733 vineit.
535 1667 690 1748 Rudolpbi
719 1687 843 1731 manum
880 1669 1021 1734 ‹lextram
1060 1674 1163 1737 caedit
1199 1675 1326 1756 ejusque

161 1773 263 1838 ventri
287 1771 398 1834 vulnus
422 1776 485 1834 tam
508 1785 604 1848 grava
619 1767 724 1846 infert,
742 1774 778 1831 ut
790 1787 860 1831 mox
878 1769 1113 1835 ex‘vulueribus
1128 1775 1326 1855 moriatur¹).

244 1869 382 1938 Subinde
410 1868 561 1932 Hauricus
591 1869 763 1948 imperator
792 1887 859 1931 cum
891 1871 1029 1936 exercitu
1057 1873 1086 1934 iu
1111 1871 1234 1938 ltaliam
1256 1894 1327 1956 pro-

162 1973 320 2048 ficiscitur,
338 1978 373 2034 ut
390 1968 577 2048 Gregorium
594 1985 705 2048 papam
721 1969 1109 2048 cogatadabdicatiouem.
1133 1971 1328 2052 Godefridus

163 2073 332 2136 Hauricum
356 2077 493 2146 secutus,
515 2068 634 2148 primus
657 2072 687 2131 iu
711 2068 828 2131 Romae
849 2087 955 2133 muros
979 2071 1153 2136 ascendisse
1175 2079 1207 2137 et
1222 2074 1328 2138 morbo

162 2173 252 2254 gravi
276 2169 474 2236 conflictatus
497 2175 604 2231 votum
627 2169 749 2232 vovisse
772 2168 893 2247 dicitur,
915 2187 982 2234 sese
997 2172 1066 2248 iter,
1089 2172 1114 2234 si
1128 2175 1329 2255 convaluerit,

163 2289 388 2355 aggressurum
411 2288 479 2333 esse
501 2268 875 2352 Hier·osolyruitauum²).

246 2372 298 2438 Sic
321 2370 437 2434 factum
463 2376 520 2450 est,
544 2375 580 2433 ut
603 2369 758 2432 Henricus
770 2371 941 2450 imperator
951 2372 1016 2452 jam
1029 2373 1136 2454 Juveni
1150 2372 1330 2454 Godefrido‚

164 2481 334 2553 antequam
365 2469 415 2534 hic
445 2469 537 2533 fidem
568 2469 844 2550 fortitudinemque
882 2471 1063 2551 imperatori
1107 2475 1330 2554 praestitisset,

164 2574 270 2652 paucis
308 2572 398 2635 annis
432 2577 504 2650 post
535 2569 738 2634 Gadesridum
762 2568 926 2648 gibbosum
954 2573 1140 2636 avunculum
1162 2581 1329 2650 mortuum,

165 2672 387 2750 Lotbariugiae
419 2669 578 2736 inferioris
608 2671 757 2734 ducatum
786 2669 859 2733 fidei
882 2671 1140 2754 fortitudinisque
1159 2675 1331 2754 praestitae

164 2773 305 2854 praemio
326 2771 447 2835 dedisse
470 2771 700 2849 narraretur³l
1143 2847 1146 2852 Δ
1263 2773 1269 2780 ’

251 2871 365 2936 Postea
395 2890 465 2936 cum
495 2873 585 2952 cygni
610 2871 715 2934 fabula
738 2873 807 2950 ipsa
830 2889 939 2934 nomen
970 2871 1129 2937 Gadeiridi
1151 2880 1329 2940 contextum

167 2980 225 3052 est,
249 2975 294 3036 ita
316 2979 351 3035 ut
373 2972 466 3036 etiam
489 2971 571 3052 apud
588 2977 732 3050 posteros
748 2969 918 3036 honoribus
934 2989 1027 3052 quam
1044 2975 1187 3040 maximis
1202 2983 1331 3042 ornatus

167 3081 199 3138 et
223 3071 429 3154 aurplificatus
453 3071 610 3134 videretur
624 3068 668 3152 ⁴),

167 3209 384 3218 ....-.-—--—.—-.
387 3209 458 3217 ..ν-...-

237 3271 264 3339 1)
282 3269 351 3323 Will
368 3269 432 3339 Tyr.
450 3267 497 3322 IX.
516 3267 541 3320 8.
560 3266 661 3320 Melan.
681 3285 707 3336 p.
726 3266 768 3320 84.

316 3355 397 3410 Laur.
416 3356 449 3408 ds
468 3351 568 3408 Leodio
587 3352 684 3422 (Bouq.
703 3352 779 3406 XIII.
794 3371 821 3422 p.
837 3352 908 3422 629).

239 3462 266 3531 a)
286 3441 348 3514 aru.
367 3460 419 3528 uq.
439 3459 471 3512 v.
492 3459 532 3512 13.
551 3457 644 3512 noan
661 3476 687 3527 p.
706 3457 748 3511 aa.

236 3566 264 3635 3)
284 3565 361 3620 Wili.
380 3565 443 3634 Tyr.
462 3563 509 3618 lx.
529 3561 558 3616 8:
576 3561 642 3616 Cum
661 3559 862 3631 congressionis
881 3560 939 3616 dies
957 3560 1041 3632 (inter
1057 3562 1206 3616 Hearioum
1230 3567 1259 3618 et
1277 3566 1333 3620 nu-

169 3652 313 3722 dolphum)
339 3649 513 3713 immineret,
538 3651 568 3702 et
590 3647 725 3702 ordinatis
750 3646 905 3717 legionibus
928 3648 1047 3716 uterque
1066 3650 1204 3704 exercitus
1222 3651 1252 3704 in
1271 3671 1334 3722 pro·

170 3738 263 3792 cinctu
291 3756 319 3793 se
346 3738 462 3792 haberet
487 3735 655 3806 praeliandi,
688 3734 845 3788 convocatis
870 3736 906 3788 ad
932 3752 960 3788 se
987 3734 1156 3806 principibus
1182 3737 1335 3807 imperator

169 3825 288 3894 quaerit,
305 3825 352 3879 cui
362 3826 425 3878 tute
444 3823 530 3894 possit
546 3821 689 3891 imperiale
705 3820 877 3875 committere
898 3820 1032 3874 vexillum
1050 3823 1079 3875 eb
1096 3824 1239 3877 tantorum
1258 3843 1334 3880 exer·

170 3913 276 3966 situum
301 3911 469 3966 constituere
495 3908 704 3980 primicerium?
739 3907 789 3962 eui
815 3908 850 3961 de
871 3907 1010 3961 communi
1034 3908 1147 3963 consilio
1169 3911 1266 3964 datum
1294 3914 1335 3966 est

170 4015 343 4068 responsum:
366 3997 515 4051 Dominum
542 3997 637 4048 ducem
654 3993 853 4064 butiliaringiue
873 3993 1052 4050 Godefridum
1070 4013 1135 4065 prae
1155 3998 1281 4052 onuribus
1299 4001 1335 4054 ad

170 4086 197 4138 id
216 4085 305 4139 oneris
323 4084 452 4138 idoneum
471 4085 500 4138 et
517 4081 699 4135 sufficientem
718 4098 783 4134 esse.

239 4171 268 4240 4)
290 4170 367 4224 Will.
395 4171 458 4240 Tyr.
481 4170 528 4223 IX.
551 4169 581 4221 6:
607 4166 793 4222 Praeterimus
815 4167 951 4231 studiose,
982 4167 1047 4222 lieet
1075 4167 1105 4222 id
1133 4187 1229 4224 verum
1252 4171 1335 4226 fuisse
