3138 4912
809 387 973 480 224

166 620 169 625 -
247 581 499 662 progrediuntur.
519 615 521 618 ·
544 585 697 648 Introitus
727 603 822 665 quum
855 586 885 648 in
917 601 1047 663 regnum
1074 582 1113 646 ab
1136 581 1295 662 Hungaris
1327 582 1418 646 dene-

249 689 351 763 getur,
385 683 456 748 belli
491 683 646 749 fortunam
672 691 804 750 tentant.
846 686 990 749 Fortuna
1009 691 1114 748 autem
1146 685 1182 747 iis
1204 689 1254 746 est
1275 682 1418 746 adversa.

218 869 219 872 Ἴ
250 783 370 848 Poenas
400 784 527 848 solvunt
556 787 696 850 meritas.
740 786 775 849 ln
810 770 916 866 pu'gna
943 785 1026 866 apud
1056 785 1164 848 urbem
1195 782 1417 860 Mesaburgum

250 890 390 964 pugnata
406 886 431 965 ¹)
452 885 536 949 cadit
557 903 632 965 pars
656 887 765 966 major,
787 887 889 950 altera
910 903 985 966 pars
998 886 1029 949 in
1045 876 1229 948 servitutem
1244 883 1418 962 abducitur,

249 985 341 1065 pauci
363 983 437 1065 fuga
458 991 573 1066 petunt
602 986 747 1051 salutem.
790 987 849 1050 Vix
875 1005 956 1051 unus
985 1004 1091 1050 eorum
1122 984 1281 1065 conspexit
1309 983 1417 1047 Hiero-

249 1083 378 1164 solyma.

334 1185 421 1261 Quae
440 1185 566 1265 agmina
588 1186 744 1250 exercitus
766 1204 906 1252 summus
929 1205 948 1251 a
970 1187 1046 1252 viris
1068 1204 1165 1267 supra
1180 1185 1272 1278 dictis
1287 1185 1420 1250 illustri·

251 1284 308 1348 bus
339 1293 564 1366 congregatae,
598 1292 741 1351 armatus
763 1293 795 1350 et
817 1287 929 1352 ductus
958 1287 989 1350 in
1009 1288 1120 1352 itinere
1142 1286 1286 1367 sequitur
1306 1285 1416 1350 Hiero-

252 1384 446 1466 solymita'no.
1233 1437 1237 1443 .
1397 1433 1400 1444 .

336 1486 466 1550 austria
488 1492 670 1574 transcursa
692 1493 725 1550 et
746 1486 930 1567 ilungariac
952 1485 1066 1549 linibus
1083 1485 1187 1566 tactis
1206 1505 1298 1567 quum
1317 1486 1419 1551 Gode·

252 1584 350 1650 fridus
393 1587 585 1665 cognouerit,
628 1605 720 1667 quam
763 1587 1019 1652 contumeliosum
1054 1585 1227 1663 habuerint
1259 1587 1419 1651 interitum

193 1692 197 1698 ’
254 1685 379 1766 agmina
400 1685 625 1765 antecedentia,
647 1687 797 1767 imprimis
819 1704 930 1766 agmen
953 1691 1154 1766 postremum,
1169 1688 1257 1768 cujus
1271 1687 1421 1768 reliquiae

249 1785 409 1849 celerrime
439 1786 627 1866 accelerant,
662 1805 722 1850 non
764 1789 872 1850 statim
905 1787 936 1849 in
971 1786 1165 1866 Hungariam
1198 1788 1331 1868 transit,
1361 1786 1416 1850 sed
1514 1861 1516 1866 ,

252 1885 333 1966 apud
373 1885 481 1950 urbem
524 1887 726 1966 Tollenburg,
767 1887 797 1949 in
830 1887 975 1950 austriae
1018 1887 1150 1950 termino
1180 1887 1282 1966 sitam,
1315 1894 1420 1952 castra

252 1984 387 2065 locat²].
433 1986 614 2066 Hungariae
636 1987 703 2065 regi
726 2003 762 2050 ac
786 1985 906 2067 populis
927 1985 1071 2050 diffidens
1092 1988 1189 2051 mittit
1212 1987 1347 2066 legatae,
1369 1987 1420 2066 qui

252 2091 382 2167 propter
403 2087 606 2150 contumelias
630 2086 809 2150 christianis
841 2086 946 2150 illatas
968 2087 1212 2151 satisfactionem
1234 2093 1368 2167 poscant
1389 2093 1422 2150 et

252 2186 429 2266 expeditum
459 2193 573 2266 petant
604 2205 661 2266 per
682 2186 877 2265 Hungariam
907 2188 1086 2251 transitum.
1130 2187 1258 2264 legatis
1282 2186 1421 2265 praefuit

252 2286 439 2350 Godet'ridus
471 2286 509 2349 oe
531 2286 646 2366 Ascba,
670 2288 735 2367 jam
758 2288 824 2366 regi
848 2294 939 2351 notus
970 2306 1007 2350 ex
1030 2287 1191 2351 Godelridi
1212 2284 1420 2350 Bullionensis

251 2385 409 2466 legatione
438 2392 512 2449 ante
545 2385 641 2450 obita.
685 2387 815 2466 Legatis
847 2388 1031 2452 amicissime
1066 2388 1200 2467 receptis
1233 2383 1417 2448 Calemaous

253 2505 306 2550 rex
337 2486 428 2566 (licit,
468 2488 626 2567 copiarum
665 2487 937 2551 innumerabilium
975 2487 1101 2566 flagitiis
1130 2492 1163 2549 et
1182 2482 1358 2562 ¹sceleribus
1385 2500 1418 2545 se

203 2602 205 2605 ·
252 2592 392 2651 coactum
415 2605 493 2664 esse,
512 2591 548 2649 ut
562 2588 702 2650 exercitu
716 2586 874 2651 celerrime
895 2587 1064 2652 constituto
1085 2584 1172 2664 regni
1188 2583 1316 2664 ejusque
1332 2582 1418 2646 babi-

253 2693 391 2750 tatorum
415 2686 553 2766 pericula
577 2693 753 2767 tutaretur,
775 2695 807 2751 et
830 2688 887 2751 sibi
909 2704 976 2750 esse
999 2703 1111 2763 magno
1135 2683 1250 2764 dolori,
1273 2685 1357 2765 quod
1380 2701 1418 2746 err

220 2861 221 2864 Ἴ
253 2786 311 2849 bac
333 2787 520 2849 necessitate
544 2788 642 2851 multa
663 2784 797 2852 hostium
822 2786 918 2849 millia
950 2789 1072 2864 turpem
1097 2782 1227 2849 tulerint
1249 2784 1418 2848 interitum.

253 2879 380 2965 tegatis
410 2886 542 2964 benigne
572 2886 705 2951 dimissis
729 2886 931 2952 Goelelrirlum
954 2885 1069 2948 invitat
1097 2885 1136 2947 ad
1161 2885 1298 2948 castrum
1321 2902 1418 2962 suum,

252 2987 387 3066 ineron
412 2987 546 3050 nomine.
1015 3009 1016 3012 ¹
1330 3054 1332 3057 ,

334 3086 435 3148 Arlest
462 3087 648 3150 invitatione
677 3093 805 3165 accepta
827 3085 1015 3148 Goelelrirlus
1046 3085 1086 3148 ad
1117 3085 1234 3148 boram.
1278 3084 1364 3147 luter
1385 3101 1418 3146 se

252 3187 440 3266 conveniunt
468 3186 656 3250 Calemanus
686 3201 783 3266 atque
813 3185 1002 3251 Gorlel'riclus
1031 3185 1070 3250 de
1105 3181 1198 3250 rebus
1228 3181 1417 3246 memoratis.

254 3287 441 3350 Ualerianus
479 3289 620 3361 concedit
643 3285 826 3402 “Qdefrirlo
863 3289 1032 3350 transitum
1061 3286 1218 3350 exercitus
1248 3303 1304 3365 per
1332 3283 1419 3347 Hun-

184 3412 187 3417 ’
252 3388 372 3468 gariam
394 3388 572 3467 expeditum
596 3393 628 3451 et
650 3388 808 3467 promittit
831 3387 928 3466 copiis
948 3405 1047 3467 parvo
1069 3388 1169 3466 pretio
1192 3386 1307 3450 victum
1331 3383 1419 3448 Hun-

252 3505 346 3568 garos
376 3505 444 3551 esse
474 3487 683 3567 praebituros
731 3486 919 3552 Goelefriclus
952 3505 1009 3567 pro
1045 3504 1104 3549 sua
1132 3491 1224 3566 parte
1253 3485 1418 3550 Galemano

320 3673 346 3742 1)
366 3673 429 3726 Alb.
454 3673 505 3741 Aq.
525 3674 546 3727 I.
566 3674 613 3726 30:
638 3671 786 3726 Pedestria
802 3671 880 3741 vrrlgi
902 3671 1049 3740 utriusque
1069 3689 1149 3727 sexus
1173 3673 1256 3726 tanta
1277 3672 1352 3726 faeta
1377 3673 1419 3726 eat

250 3759 356 3824 occisio,
376 3762 407 3813 ut
425 3773 514 3828 aquae
532 3758 653 3814 Danubii
673 3760 701 3813 et
720 3759 821 3812 Lintax
838 3758 868 3812 in
887 3757 1053 3827 sanguineas
1072 3759 1250 3813 mutarentur
1269 3759 1365 3812 undas.

283 3847 358 3901 Ibid:
377 3849 458 3900 tanta
475 3844 659 3916 fugitivorum
677 3845 828 3900 submersio
846 3844 921 3899 facta
943 3846 1000 3910 est,
1023 3848 1133 3899 uttam
1157 3844 1272 3914 spaciosi
1298 3845 1419 3899 fluminis

383 3951 473 4002 aquae
485 3950 551 4003 prae
569 3934 614 3986 tot
632 3931 753 3985 millium
771 3932 931 4002 corporibus
950 3951 999 4003 per
1014 3933 1192 4001 aliquantum
1208 3934 1320 4002 tempus
1332 3933 1419 3988 videri

385 4037 439 4073 non
458 4022 575 4089 possent

278 4100 361 4159 ¹Will.
381 4106 443 4174 Tyr.
460 4105 481 4158 1.
497 4107 539 4158 30.

318 4192 345 4260 2)
366 4191 442 4244 Will.
460 4191 524 4261 Tyr.
545 4192 831 4262 11.1-3.Atb.Aq.
852 4193 887 4247 Il.
908 4191 982 4246 1-7.
