3138 4912
676 404 715 477 45

108 620 243 687 mundus
272 619 373 699 prima
395 620 487 680 nocte
509 614 607 678 mullo
636 633 703 678 cum
733 614 926 694 strepituox
944 613 1056 676 castris
1078 630 1151 676 suos
1172 611 1277 675 educit

109 739 225 802 eosque
255 716 459 783 circumducit
482 699 664 795 perplures
692 714 784 776 boras
808 715 836 775 in
861 712 1019 775 inormibus
1042 730 1079 808 ac
1108 711 1209 789 silum,
1242 719 1277 774 nt

85 867 87 874 .
112 821 190 900 Bagi
214 818 312 900 Sijani
335 815 424 879 fallat
442 814 626 895 opinionem.
672 813 804 876 Albcntc
826 819 932 876 autem
961 812 1044 876 coelo
1067 831 1135 875 cum
1160 812 1226 875 suis
1245 813 1275 875 in

111 921 223 986 turrim
255 935 351 998 supra
390 915 503 978 dictam
536 913 687 976 ascendit.
741 913 1010 976 Festinantissime
1052 929 1159 974 omncs
1191 912 1276 975 urbis

108 1027 220 1102 portas
260 1019 425 1097 aditusque
463 1014 618 1093 aperiunt.
683 1012 871 1077 Godefridus
912 1011 1068 1091 ceterique
1113 1012 1278 1092 principes·

113 1117 285 1183 Boumundi
306 1115 428 1194 conscii,
450 1115 490 1176 ad
509 1113 712 1192 irruptionem
731 1111 902 1176 faciendam
918 1131 991 1174 sucis
1008 1111 1126 1174 babent
1140 1119 1276 1192 paratos.

113 1220 149 1282 ln
171 1218 248 1282 hora
268 1217 344 1280 urbs
365 1215 489 1294 expleta
510 1218 559 1276 est
580 1211 771 1276 christianin.

197 1317 366 1382 Christiani
398 1313 504 1377 urbem
535 1311 668 1392 ingrcssi
699 1311 809 1373 furunt
836 1317 872 1374 ut
900 1311 1021 1373 bulluae
1050 1310 1148 1392 ferae,
1189 1329 1279 1392 prae-

114 1420 242 1496 dantur,
274 1416 498 1479 latrocinantes
509 1463 522 1491 ‚.
546 1413 730 1490 sanguinem
768 1410 935 1490 lacionteS,
975 1417 1008 1473 et
1044 1413 1279 1493 quibuscunque¹

114 1516 327 1598 voluptatibus
355 1533 428 1578 cum·
456 1529 569 1590 magna
597 1511 758 1574 libidinum
790 1499 1033 1590 intemperantia
1063 1531 1118 1591 per
1149 1512 1278 1576 biduum

113 1619 273 1696 fruuntur,
303 1617 333 1678 in
368 1615 449 1677 diem
480 1613 628 1674 viventes.
673 1612 717 1674 Ad
745 1611 863 1675 scelera
889 1611 1089 1691 opprimenda
1112 1611 1206 1673 etad
1230 1630 1281 1674 or·

113 1713 215 1779 dinem
238 1711 642 1791 restituendumprincipes
667 1730 728 1773 non
753 1713 830 1774 satis
853 1710 966 1775 valent.

196 1815 274 1894 Ragi
297 1815 438 1895 suanm,
462 1810 574 1890 gladiis
598 1811 731 1874 bostium
756 1813 785 1873 in
809 1812 886 1874 urbe
909 1811 1031 1889 vitatio,
1060 1815 1149 1874 entra
1173 1811 1280 1874 urbem

114 1915 278 1997 ingloriam
299 1914 421 1994 oppetit
442 1917 572 1975 mortem
591 1913 626 1991 ¹-).

116 2190 504 2261 Clurlstianorum
529 2154 823 2256 ¹‹encrcltrrm'
844 2187 1085 2272 merlinge
1114 2188 1282 2260 illosn-

157 2289 306 2360 lonsls
328 2289 377 2358 im
401 2286 806 2379 inrue-Antinoum
834 2284 1243 2362 inclusumtcnct.

199 2457 365 2522 Antiochia
378 2456 454 2519 urbe
467 2455 524 2520 sub
540 2456 778 2518 christianorum
791 2461 979 2534 potestatem
992 2440 1128 2534 redacta,
1141 2457 1282 2520 miseriae

119 2576 177 2620 non
200 2558 356 2622 desinunt.
400 2557 496 2619 Fiunt
525 2555 666 2634 majores.
711 2554 858 2634 Kerbuga
881 2554 1066 2618 Mosnlensis
1094 2575 1161 2642 cnm
1188 2559 1283 2636 copiis

118 2656 454 2737 innurnorabilibus'2)‚
493 2674 623 2737 quarum
657 2655 1011 2738 nunicruscnercitum
1041 2655 1282 2722 christianorum

119 2763 168 2820 ter
191 2763 329 2836 superat,
352 2756 391 2818 an
410 2755 514 2819 urbem
537 2756 657 2830 accedit
672 2762 704 2818 et
718 2755 905 2818 christianos
918 2756 948 2818 in
964 2758 1130 2836 angustias
1149 2776 1280 2838 magnas

117 2854 287 2936 compellit.
858 2882 861 2887 ·

201 2953 378 3019 Nonnullae
407 2955 567 3035 equitatus
599 2953 867 3034 totharingiensis
898 2949 1031 3033 turbae,¹
1052 2955 1178 3034 cognito
1205 2957 1284 3022 Ker-

6 3109 19 3120 ..
88 3125 91 3130 ,
118 3056 233 3136 bugam
255 3055 441 3134 adventare,
471 3055 512 3118 illi
535 3055 657 3118 obviam
680 3056 867 3136 procedunt,
898 3063 932 3120 ut
952 3057 1055 3136 pontis
1082 3056 1172 3120 ferrei
1196 3063 1285 3122 trau-

120 3156 215 3219 situm
236 3154 399 3234 claudant,
431 3155 459 3217 vi
487 3139 882 3298 nimia-Wlwlfflffl
904 3157 935 3219 in
960 3155 1069 3220 urbem
1093 3174 1127 3220 se
1148 3159 1285 3239 recipere

119 3262 273 3336 coguntur
288 3255 329 3334 ³).
357 3335 360 3341 .
605 3315 609 3321 ,
798 3283 806 3316 l
991 3279 994 3286 ·

203 3355 352 3434 Kerbuga
373 3353 489 3417 certior
512 3353 629 3433 factus,
653 3353 730 3435 Bagi
753 3354 890 3437 Sijannrn
912 3355 975 3434 jam
1005 3357 1162 3419 mortuum
1190 3363 1286 3438 atque

121 3457 227 3520 urbem
250 3456 280 3519 in
295 3454 430 3518 hostium
451 3446 601 3517 ditionem
619 3454 768 3519 traditam
787 3473 864 3534 esse,
889 3455 1137 3520 ulciscendorum
1152 3456 1285 3520 bostium

120 3555 283 3619 consilium
308 3555 402 3634 capit.
447 3554 685 3630 Quarecastris
709 3555 739 3618 in
765 3554 849 3618 urbis
877 3562 967 3634 parte
989 3553 1174 3619 occidentali
1194 3556 1286 3620 collo·
1316 3629 1317 3634 .

121 3654 210 3735 critic,
231 3653 464 3718 multitudinem
487 3654 644 3733 copiarum
659 3671 803 3734 magnam
824 3655 855 3718 in
873 3655 957 3718 urbis
979 3655 1152 3735 castellum,
1172 3674 1190 3718 a
1207 3657 1286 3734 Bagi

9 3830 18 3838 ’
196 3860 222 3928 n
240 3859 330 3913 natm.
348 3879 375 3929 p.
395 3859 452 3912 no.
489 3859 566 3914 cest.
585 3851 626 3914 no.
663 3860 732 3915 aaa.
752 3861 862 3914 ca-co.

226 3946 288 4000 niu.
308 3948 359 4014 Aq.
378 3945 426 4010 rv,
446 3945 488 3998 eo.
522 3946 566 4000 w.
587 3947 617 3999 n.
634 3947 667 4011 n,
686 3948 727 4000 aa.

191 4049 218 4117 2)
236 4051 306 4106 nau.
325 4051 371 4103 72:
399 4050 538 4104 Corbozan
558 4050 631 4119 rogis
651 4052 796 4104 Persarum
816 4051 872 4103 dux
892 4052 1187 4122 cumquadringentie
1205 4055 1289 4108 milli-

122 4137 174 4190 bus
191 4136 318 4204 equitum
338 4137 430 4200 aderet,⁴
442 4137 539 4189 urbem
559 4135 673 4206 obsidet,
692 4135 804 4189 inclusis
823 4139 940 4189 mortem
955 4137 1078 4191 minatur
1096 4142 1126 4192 et
1146 4157 1289 4196 carcerem.

180 4239 221 4308 ’3)
244 4240 305 4294 Alb.
326 4241 376 4307 Aq.
395 4239 442 4302 IV,
462 4241 503 4292 30.
540 4240 583 4292 W.
602 4240 631 4293 T.
652 4241 698 4303 VI,
718 4242 742 4294 3.
779 4241 884 4294 Kernal.
904 4259 929 4309 p.
948 4242 989 4295 39.
