3138 4912
849 405 1017 498 66*

291 687 592 777 Scriptorum
623 710 774 778 opera
801 697 865 765 ad
895 695 1043 765 vitam
1067 695 1325 766 Godcl’rldi
1352 697 1448 765 trc-

558 810 785 880 orandam
809 811 860 880 lm
880 831 972 881 risu
994 811 1175 882 liabita-

769 1005 964 1016 ...aun—ua·—

377 1136 405 1196 1.
428 1130 527 1196 Gesta
555 1131 745 1196 Francorum
777 1142 809 1198 et
842 1136 975 1200 allorum
997 1135 1365 1218 Hierosolymltanorum.
1406 1137 1450 1200 Ex

430 1219 591 1293 gestorum
614 1215 672 1278 Dei
695 1235 751 1296 per
773 1217 912 1282 Francos
937 1226 1019 1284 tomo
1038 1220 1061 1284 Ι.
1085 1220 1191 1284 Editio
1213 1219 1384 1301 Bougarsii.

375 1300 403 1360 2.
426 1297 593 1360 Raimondi
626 1296 664 1360 de
695 1299 802 1378 Agiles
831 1301 962 1366 historia
987 1303 1196 1382 Francorum,
1230 1304 1283 1382 qui
1306 1309 1452 1384 ceperunt

430 1379 629 1444 iherusalem.
651 1380 698 1444 Ex
721 1383 831 1448 eadem
854 1385 999 1450 editione.

376 1466 403 1526 3.
425 1461 581 1528 Fulcherii
612 1469 703 1543 gesta
733 1467 1001 1546 peregrinantium
1036 1467 1233 1538 Francorum
1263 1485 1330 1536 cum
1363 1467 1453 1536 armis
1501 1499 1502 1513 .

432 1545 631 1610 Hierusalem
653 1549 857 1627 pergentium.
880 1549 927 1614 Ex
950 1551 1017 1614 ead.
1041 1551 1090 1614 ed.

378 1637 405 1692 4.
430 1626 552 1691 alberti
574 1629 729 1708 Aquensis
758 1630 890 1696 historia
912 1633 1214 1714 Hierosolymitanae
1243 1629 1454 1712 expedit-ionis.

433 1709 480 1774 Ex
504 1709 572 1773 ead.
595 1711 643 1777 ed.
1503 1757 1504 1776 .

378 1799 405 1859 5.
428 1791 581 1856 Willermi
605 1793 753 1874 Tyrensis
779 1794 911 1860 historia
942 1815 1046 1861 rerum
1075 1797 1107 1860 in
1139 1796 1283 1877 partibus
1306 1801 1456 1860 transma·
1504 1797 1505 1812 ¹

435 1876 514 1941 riuis
537 1881 705 1954 gestarum.
727 1877 775 1943 Ex
797 1879 866 1944 ead.
889 1879 938 1947 ed.
1448 1945 1449 1950 ,

378 1963 406 2022 6.
430 1957 571 2022 Guiberti
592 1958 718 2024 abbatis
739 1959 872 2026 historia
895 1959 1189 2041 Hierosolymitana.
1211 1959 1260 2036 Ex
1280 1959 1346 2022 ead.
1369 1958 1416 2022 ed.
1504 1999 1506 2038 1

379 2048 408 2105 7.
433 2041 563 2104 Roberti
586 2041 730 2106 monachi
755 2043 1041 2126 Hierosolymitana
1064 2043 1231 2124 expeditio.
1255 2043 1301 2106 Ex
1323 2042 1392 2106 ead.
1411 2041 1457 2106 ed.

333 2200 339 2213 ἱ
378 2130 406 2188 8.
430 2123 566 2186 Baldrici
591 2124 722 2188 historia
745 2125 1038 2208 Hierosolymitana.
1081 2126 1128 2190 Ex
1149 2127 1217 2190 ead.
1241 2125 1286 2189 ed.
1504 2195 1505 2199 ,

377 2213 405 2272 9.
429 2205 584 2286 Redolphi
609 2205 812 2290 Cadomensis
836 2218 928 2290 gesta
949 2209 1104 2274 Tancredi
1133 2210 1164 2274 in
1192 2206 1390 2289 expeditione
1411 2208 1458 2271 Ie·

436 2289 670 2369 rosolymitana.
715 2291 762 2354 Ex
783 2291 944 2357 Edmundi
966 2293 1109 2357 Martene
1141 2298 1174 2357 et
1200 2290 1307 2356 Ursini
1328 2289 1459 2356 Durand
1505 2309 1506 2312 ¹

436 2371 577 2436 thesauri
613 2372 684 2436 novi
706 2374 944 2444 anecdotorum
984 2383 1060 2442 tom.
1089 2375 1144 2439 Ill.
1189 2374 1333 2444 Lutetiae
1375 2373 1458 2436 Pari·
1506 2375 1508 2401 ³

433 2455 558 2518 siorum.
585 2460 672 2519 1717.

360 2541 406 2602 10.
430 2535 612 2602 Ekkehardl
628 2535 758 2604 libellus
780 2539 818 2605 de
841 2541 1072 2621 expugnatione
1101 2538 1371 2619 ierosolymitana.
1413 2536 1460 2600 Ex

435 2618 594 2686 Edmundi
614 2619 757 2687 Marleue
779 2629 811 2686 et
833 2622 937 2689 Ursini
960 2622 1089 2688 Durand
1111 2622 1462 2702 veterumscriptorum

435 2709 468 2854 {t
494 2711 764 2772 monumentorum
795 2705 984 2771 collectionis
1007 2704 1217 2784 amplissimae
1239 2711 1323 2769 tomo
1344 2705 1460 2785 quinto.

461 2783 563 2850 arisiis
587 2791 676 2850 1729.

363 2872 411 2932 11.
435 2867 543 2932 Brevis
566 2869 707 2934 narratio
729 2867 803 2933 belli
826 2871 915 2934 sacri.
936 2869 984 2932 Ex
1006 2867 1073 2932 ead.
1096 2867 1143 2932 ed.

358 2953 405 3014 12.
429 2949 508 3014 Belli
537 2952 618 3014 sacri
645 2950 788 3016 historia.
824 2951 878 3014 'Ex
900 2952 998 3019 musei
1027 2950 1122 3015 italici
1153 2957 1237 3015 tomo
1264 2950 1288 3014 Ι.
1332 2950 1463 3014 Parisiis

362 3117 406 3178 13.
429 3114 572 3260 {pistolia
600 3115 751 3260 Sdtephani
782 3114 985 3180 Carnutensis
1014 3115 1055 3180 ed
1084 3115 1216 3180 adelam
1245 3133 1372 3180 uxorem
1403 3121 1463 3179 etc.

464 3215 541 3260 xea
564 3243 570 3258 .
593 3216 640 3261 e.
686 3243 688 3249 ,

361 3285 408 3344 14.
432 3279 571 3344 Orderici
593 3279 705 3344 Vitalis
725 3279 855 3344 historia
878 3280 1098 3346 ecclesiastica.
1120 3279 1169 3344 Ex
1180 3280 1277 3345 Andr.
1293 3277 1465 3344 Duchesnii

436 3361 571 3427 editione
592 3363 778 3444 scriptorum
801 3363 999 3444 antiquorum
1028 3364 1178 3428 historiae
1200 3362 1465 3428 Narmanuorum.

364 3449 411 3510 la.
434 3444 609 3509 Chronicon
631 3446 778 3509 alberici.
821 3443 869 3509 Ex
891 3445 1057 3510 Leibnitzii
1080 3446 1290 3511 accessionum
1315 3453 1400 3510 tomo
1424 3444 1466 3508 ΙΙ,

363 3532 410 3594 16.
434 3527 548 3674 1141111111
573 3547 667 3609 sacra
695 3528 808 3592 ducum
839 3534 871 3592 et
904 3529 1077 3610 principum
1108 3528 1301 3593 Brabantiae
1329 3533 1475 3593 auctore·

471 3629 571 3675 cano.

362 3698 408 3758 17.
432 3693 543 3772 Marsi,
566 3698 769 3758 sacrosancte
792 3692 921 3757 concilia
950 3691 989 3757 ad
1013 3693 1128 3772 regiam
1159 3693 1326 3758 editionem
1350 3693 1469 3753 exacta
1513 3717 1514 3740 1

438 3783 495 3840 etc.
519 3783 647 3840 curante
670 3776 798 3841 Nicolao
821 3775 937 3855 Coleti3
960 3782 1026 3840 lom
1043 3777 1113 3842 XII.
1136 3777 1167 3842 in
1181 3794 1245 3856 quo
1260 3773 1469 3838 continentur

439 3860 580 3939 Gregorii
602 3858 671 3923 VII.
693 3877 794 3940 papae
818 3859 978 3940 epistolae.

362 3946 408 4006 18.
430 3941 590 4023 Bouquet,
621 3960 724 4005 rerum
753 3941 942 4006 Gallicarum
970 3947 1001 4005 et
1028 3940 1247 4004 Francicarum
1275 3940 1467 4022 scriptores;

438 4030 514 4087 tom.
537 4023 622 4088 XIll.
645 4028 677 4087 el
698 4021 781 4088 XIV.
803 4023 833 4086 in
855 4023 966 4104 quibus
990 4025 1204 4088 continentur:

326 4179 328 4188 .
404 4123 431 4171 a.
455 4105 611 4253 11111111111ιί
633 4105 919 4252 ΜειΙῐῐὶιζθΙεΙὴυνὶεῃείε
943 4107 981 4169 de
1010 4107 1107 4188 gestis
1137 4121 1244 4183 regum
1289 4103 1469 4185 auglorum

470 4188 529 4252 iri
615 4194 687 4253 tom.
773 4189 797 4254 l.
