3138 4912
797 377 835 440 12

674 453 967 470 -Ιῇ-ι-ὸ*

233 571 416 651 magnificus
445 591 515 640 curn
540 574 689 640 comitatu
716 571 886 654 magnifico.
930 570 1064 652 Cognito
1096 571 1303 638 Godeiridum
1333 589 1402 636 esse

234 671 477 750 Bullionensem
500 675 567 756 ejus
590 675 684 740 l'ronti
707 676 858 756 genisque
878 674 985 738 oscula
1007 673 1061 738 dat
1084 673 1239 738 Henricus
1253 679 1291 752 ll.

316 773 508 854 Dignitatem
536 782 709 856 equestrem
739 793 867 839 servans
900 774 1091 840 Godeiridus
1126 774 1235 837 orbam
1264 773 1402 854 praediis

235 873 401 954 spoliatam
425 874 564 940 defendit
586 885 696 940 contra
719 877 891 940 adversarii
907 875 1032 956 superbi
1048 875 1190 953 injurios.
1222 874 1400 938 Certamine

235 975 385 1068 singulari
406 983 548 1042 conserto
570 995 638 1040 cum
662 978 844 1042 adversario
866 977 958 1040 sedet
979 977 1209 1040 contentionem
1223 973 1267 1054 ²).

244 1079 249 1092 '
317 1074 479 1151 Quomodo
493 1076 680 1142 Godeiridus
704 1081 750 1143 vir
768 1079 874 1158 justus
899 1084 931 1141 et
953 1093 1049 1158 eques
1066 1077 1154 1141 lortis
1170 1075 1300 1157 injurias
1314 1092 1402 1138 arro·
1485 1101 1492 1116 ·

236 1182 348 1254 genter
378 1175 437 1239 sibi
464 1177 521 1256 ipsi
552 1177 657 1242 illatas
684 1179 808 1258 impune
837 1177 1013 1258 relinquere
1035 1177 1210 1257 nequiverit
1239 1181 1336 1255 atque
1351 1176 1402 1256 jus

235 1274 387 1354 optimum
410 1294 497 1340 suurn
520 1277 701 1359 obtinuerit,
724 1298 762 1342 ex
785 1297 880 1342 causa
902 1296 920 1342 a
942 1278 1081 1358 principe
1098 1279 1245 1357 quopiam
1268 1293 1400 1340 consan-

235 1365 347 1453 guineo
371 1383 479 1440 contra
503 1376 706 1442 Godeiridum
723 1379 897 1444 constituta
915 1378 1095 1442 declaratur
1108 1375 1152 1458 ³).

318 1475 375 1539 1110
401 1477 460 1541 sibi
490 1479 571 1558 petit
595 1479 726 1558 praedia
753 1479 846 1559 longe
873 1479 1000 1560 lateque
1028 1476 1155 1554 diffusa,
1185 1495 1265 1558 quac
1297 1475 1400 1540 Gode-

237 1575 475 1642 iridumhabere
490 1579 520 1641 in
529 1581 726 1659 possessione
739 1581 857 1662 injusta
872 1579 955 1642 dicit.
973 1577 1124 1641 ilenricus
1142 1578 1310 1656 imperator
1330 1593 1401 1638 cau-

238 1694 303 1739 sam
322 1675 465 1740 dirimere
489 1679 609 1758 nititur,
632 1679 684 1742 sed
707 1679 836 1744 frustra.
862 1680 982 1744 Patitor
1004 1677 1151 1760 postulat,
1176 1685 1211 1740 01
1234 1675 1402 1740 Godeirido

153 1851 156 1856 ¹
237 1776 366 1856 praedia
396 1778 584 1859 eripiantur,
613 1779 802 1844 Godeiridus
832 1781 871 1844 de
897 1781 968 1861 juro
999 1797 1055 1843 suo
1075 1796 1136 1842 non
1158 1777 1268 1842 cedens
1291 1783 1403 1856 postu·

238 1877 336 1940 latum
357 1876 500 1957 denegat.
545 1877 649 1956 Quare
671 1885 803 1960 uterque
825 1881 1040 1960 paciscuntur,
1070 1885 1104 1942 ut
1129 1877 1169 1940 01
1192 1895 1318 1942 causam
1340 1875 1402 1940 dis·

238 1977 424 2041 cernendam
437 1979 561 2044 interse
584 1987 734 2060 pugnent,
756 1983 898 2062 quamvis
920 1979 1077 2061 principes
1099 1978 1221 2059 imperii
1243 1983 1401 2041 certamen

238 2085 387 2140 censeant
409 2097 477 2142 esse
507 2080 679 2144 vitandum.
722 2080 888 2145 Certamen
910 2087 1080 2144 conserunt
1103 2081 1143 2144 ad
1160 2079 1268 2142 boram
1284 2079 1401 2141 dictam

239 2195 343 2240 coram
362 2178 559 2243 multitudine
580 2180 696 2260 populi,
711 2181 850 2260 equiturn
873 2195 906 2244 et
926 2181 1101 2262 principum
1124 2197 1247 2256 magna.
1276 2175 1402 2240 Virtute

240 2276 390 2340 laudabili
420 2285 563 2358 pugnant
592 2291 735 2360 uterque.
780 2281 898 2345 Neuter
937 2282 1071 2346 alterum
1103 2295 1253 2360 superare
1288 2279 1401 2356 potest.

237 2377 358 2442 Accidit
382 2385 498 2459 autern,
528 2386 562 2443 ut
585 2379 749 2444 Godeiridi
771 2381 986 2446 adversarium
1014 2381 1078 2444 ictu
1109 2377 1259 2442 acerrimo
1293 2391 1404 2454 aggre-

239 2477 356 2542 dientis
386 2477 507 2560 gladius
539 2479 735 2562 dirumpatur
763 2489 794 2546 et
822 2481 1010 2546 Godeiridus
1039 2480 1077 2544 ob
1105 2495 1173 2542 eam
1201 2491 1326 2539 causam
1359 2473 1401 2537 vi-

239 2577 353 2641 deatur
373 2597 441 2642 esse
464 2586 639 2660 superatus.
683 2582 842 2662 Principes
865 2582 1043 2659 admonent,
1066 2586 1103 2642 ut
1125 2581 1317 2657 pugnatores
1338 2591 1404 2638 cer-

239 2679 355 2742 tamine
386 2677 551 2744 dcsistant.
593 2677 1146 2746 111111101111001101000(1010111101
1173 2677 1204 2740 in
1231 2675 1403 2739 certamine

237 2787 428 2858 perseverat,
477 2782 576 2846 donec
611 2783 824 2848 adversarium
865 2779 1040 2860 prostravit
1074 2778 1181 2859 gladio
1213 2774 1403 2856 semipedali.

240 2877 363 2942 Gaudio
394 2881 574 2962 triumphat.
617 2883 775 2947 Plaudunt
811 2898 925 2946 omnes.
969 2882 1119 2944 Attamen
1146 2897 1166 2941 a
1201 2876 1404 2958 principibus,

238 2979 291 3059 qui
322 2982 482 3045 certamini
511 2981 684 3062 affuerunt,
724 2981 868 3061 omnibus
896 2980 1038 3062 precibus
1068 2979 1166 3060 petit,
1202 2983 1238 3040 ut
1268 2977 1404 3040 animum

240 3080 382 3142 morituri
406 3081 463 3144 sibi
485 3083 691 3146 reconcilient.
724 3083 841 3159 Quibus
861 3081 1003 3162 precibus
1025 3080 1212 3143 assentiunt.

322 3180 448 3256 Quanta
479 3180 573 3246 fucrit
602 3181 763 3247 Godeiridi
794 3181 870 3246 fides
899 3181 1031 3244 Henrico
1062 3175 1405 3259 11111101010111011010,

240 3297 278 3342 ex
302 3279 484 3344 fortitudine
507 3282 753 3360 demonstratur,
775 3301 868 3362 quam
893 3283 1046 3362 inpugna
1063 3277 1146 3360 apud
1164 3275 1402 3353 Merseburgum

240 3387 383 3459 pugnata
412 3390 444 3445 et
473 3384 504 3445 in
534 3383 731 3463 expeditione
754 3382 880 3446 Henrici
908 3382 1062 3446 adversus
1085 3376 1268 3457 Gregorium
1291 3391 1403 3454 papam

240 3478 324 3543 lacta
343 3482 548 3558 praestiterit.

324 3579 478 3646 Henricus
499 3582 672 3663 imperator
695 3591 743 3646 est
763 3584 793 3646 10
816 3583 935 3660 magnis
958 3577 1112 3658 angustiis
1154 3573 1323 3654 Gregorius
1346 3574 1403 3638 Vll

240 3696 324 3758 papa
353 3679 521 3746 Henricurn
553 3683 829 3747 excommunicavit
865 3679 1070 3759 liberavitque
1107 3695 1213 3740 omnes
1247 3675 1405 3755 subjectos

242 3769 314 3841 1101
330 3781 546 3860 Jurejurando.
590 3782 689 3861 Regni
711 3781 878 3861 germanici
905 3779 1060 3860 principes
1082 3777 1217 3842 Heurico
1241 3776 1401 3856 imperium

355 3981 389 4035 H.
408 3999 461 4035 von
482 3979 566 4050 Sybel
586 3997 612 4049 p.
633 3977 691 4031 259.

358 4085 427 4139 Ibid.

357 4191 626 4262 mmmn

310 3985 323 4035 1

311 4087 338 4156 2)

309 4194 337 4264 3)
