3138 4912
700 397 740 455 57

136 577 208 657 jure
235 575 342 638 urbem
376 575 565 656 conjungere
593 573 661 636 vult
690 592 760 638 cum
790 590 903 653 regno,
934 571 1146 651 habitatores,
1176 571 1215 635 de
1248 570 1307 634 hac

140 675 293 740 discordia
335 675 484 738 certiores
527 672 612 750 facti,
633 679 802 753 utrumque
832 672 872 736 ab
903 673 988 736 urbis
1018 672 1220 752 possessione
1252 689 1305 733 ex-

139 775 270 840 cludunt
283 773 322 854 Ι).
366 773 436 838 Non
455 779 504 836 est
526 773 672 851 dubium,
704 773 777 853 quin
798 773 872 837 urbs
894 773 977 837 lacta
1007 772 1104 836 fuerit
1126 788 1306 852 propugna-

138 875 240 939 culum
263 879 372 938 contra
394 872 565 956 Aegyptios
589 872 824 937 validissimum.

224 973 391 1039 Gadeirido
414 973 584 1054 scriptores
613 971 753 1037 nonnulli
779 971 921 1037 tribuunt
942 959 1058 1036 multas
1087 991 1138 1036 res
1166 987 1307 1051 magnas,

140 1093 220 1156 quas
242 1093 313 1139 eum
335 1073 473 1138 effecisse
497 1074 614 1152 dicunt,
636 1073 830 1152 argumentis
853 1091 913 1137 non
938 1072 1051 1136 allatis.

225 1177 342 1254 Legum
360 1173 560 1252 collectionis
575 1174 623 1238 eui
639 1173 805 1254 inscriptus
819 1177 868 1237 est
888 1172 1017 1237 titulus:
1040 1174 1157 1236 assises
1180 1178 1212 1236 et
1228 1171 1308 1236 bons

142 1295 255 1356 usages
277 1277 320 1340 du
350 1293 500 1356 royaume
516 1273 554 1336 de
581 1272 754 1337 Jerusalem
773 1279 849 1352 etc,
879 1279 988 1338 auctor
1011 1293 1029 1337 a
1052 1273 1222 1338 Godefrido
1244 1273 1307 1336 ori-

142 1377 243 1456 ginem
266 1376 355 1440 ducit
377 1374 545 1438 multarum
570 1373 690 1453 legum,
712 1391 790 1454 quas
812 1373 842 1436 in
866 1374 946 1438 cista
967 1379 1108 1437 servatas
1130 1392 1198 1437 eum
1218 1373 1308 1453 juxta

141 1476 317 1558 sepulcrum
340 1480 484 1540 sanctum
509 1473 690 1554 deposuisse
709 1471 837 1554 dicit'2).

227 1575 288 1640 Sed
311 1575 445 1638 maxime
466 1575 591 1638 dubium
620 1579 688 1652 est,
719 1591 760 1638 an
783 1572 885 1640 Godef
871 1572 970 1636 fridus
1000 1575 1093 1637 unius
1116 1573 1194 1653 legis
1214 1573 1310 1638 tuerit

142 1682 271 1751 auctor,
290 1693 385 1755 quum
407 1674 461 1737 illo
493 1680 631 1754 ternpore
653 1673 877 1752 defuerint,u
914 1673 1132 1754 itadicam,e
1134 1672 1310 1738 thomices

139 1775 192 1857 jus
217 1775 356 1839 dicentes
390 1783 422 1838 et
452 1774 590 1838 homines
616 1773 696 1854 juris
726 1679 893 1854 beneficiot
899 1773 1048 1838 fruentes
1092 1773 1134 1838 Ut
1122 1780 1229 1838 tmos
1251 1773 1311 1838 run

144 1881 259 1954 terrae,
283 1875 329 1938 ita
349 1893 455 1939 omnes
479 1891 593 1938 causae
616 1878 700 1936 certe
722 1879 795 1937 suut
817 1873 980 1937 discretae.

227 1976 304 2039 Item
329 1973 517 2038 Godefridus
540 1972 655 2038 multas
678 1973 756 2036 alias
778 1991 830 2036 res
853 1972 1005 2052 gloriosas
1027 1972 1067 2036 ad
1093 1991 1223 2052 regnum
1241 1987 1309 2037 ‘cor-

143 2075 353 2139 roborandum
382 2081 414 2138 et
444 2073 483 2137 ad
524 2073 629 2140 hostes
664 2071 870 2136 devincendos
901 2071 1041 2137 effecisse
1063 2072 1196 2152 dicitur,
1228 2072 1310 2136 bella

145 2175 310 2239 bellavisse
333 2193 401 2238 cum
427 2174 620 2255 principibus
643 2173 788 2254 Aegypti,
818 2173 951 2236 Arabiae
973 2181 1004 2237 et
1026 2173 1171 2242 Damasci
1195 2192 1311 2254 eosque

145 2277 284 2355 coegisse
307 2275 346 2338 ad
369 2294 477 2355 pacem
500 2275 666 2356 petendam
680 2274 722 2353 ³),
750 2273 843 2338 urbes
866 2275 982 2352 Assur,
1011 2273 1212 2354 Ascalonem,
1236 2273 1311 2336 (lae-

145 2395 267 2440 saream
291 2381 324 2440 et
347 2375 567 2440 l'tolemaidem
590 2375 700 2438 fecisse
724 2373 964 2453 tributarias⁴),
993 2393 1061 2438 cum
1092 2374 1183 2437 terris
1205 2373 1311 2436 vicinis

145 2477 320 2541 instituisse
352 2477 567 2540 commercium
582 2479 628 2554 ὅ),
657 2474 765 2539 urbem
799 2473 921 2554 Joppen
966 2474 1135 2538 munivisse
1183 2473 1312 2553 ejusque

146 2583 268 2657 portum
293 2575 522 2656 restituisse⁶J,
553 2574 698 2639 ecclesias
721 2591 899 2652 renovasse,
930 2574 1013 2638 clero
1036 2573 1227 2655 providisse,
1248 2592 1311 2636 mo-

217 2776 242 2843 1)
262 2774 325 2828 Alb.
346 2775 397 2842 Aq.
418 2773 464 2838 VI,
484 2773 525 2826 51.

214 2863 241 2931 2)
260 2861 375 2916 Wilken
392 2861 413 2916 1.
431 2880 457 2931 ρ.
476 2861 620 2914 307-424.
661 2853 695 2914 Η.
714 2879 740 2914 v.
758 2859 822 2928 Syb,
841 2876 867 2927 p.
885 2855 1031 2910 alo-526.

214 2951 241 3019 3)
262 2949 367 3003 ekkeh.
389 2949 438 3002 19·
463 2947 628 3002 Godefridus
647 2946 740 3016 coepit
758 2945 890 3012 reliquias
910 2941 1058 3013 gentilium
1078 2959 1252 3010 quocumque
1270 2958 1312 2993 re-

146 3038 290 3090 manentes
309 3035 501 3106 prosequio
456 3036 509 3089 etc.
1307 3078 1309 3082 .

183 3122 246 3177 Alb
264 3123 315 3190 Aq.
333 3122 395 3176 VII.
414 3121 463 3176 14:
486 3120 623 3190 principes
649 3119 769 3174 Arabiae
796 3135 892 3186 pacem
914 3117 943 3168 et
972 3113 1125 3168 pudcitiam
1152 3133 1214 3169 curn
1244 3115 1311 3168 duce

282 3209 492 3278 componebant

181 3293 243 3348 Alb
269 3295 320 3364 Aq.
346 3295 407 3350 VH.
435 3295 481 3348 17:
507 3312 617 3365 grossus
642 3247 762 3346 rusticus
794 3306 858 3343 cunr
888 3289 957 3342 duce
988 3289 1017 3341 et
1046 3287 1186 3340 tancredo
1218 3286 1314 3340 foedus

285 3381 425 3451 percussit.

216 3485 244 3553 4)
263 3487 325 3539 Alb.
344 3487 396 3582 Aq,
415 3485 476 3540 VII.
498 3485 545 3537 12:
569 3482 640 3536 Urbs
663 3481 749 3534 Assur
773 3478 863 3531 claves
890 3478 1033 3546 portarum
1057 3479 1086 3531 et
1109 3476 1229 3529 turrium
1252 3475 1316 3529 duci

148 3571 259 3636 obtulit,
275 3571 392 3626 facta
369 3591 395 3626 e1
411 3569 570 3626 tributaria.

186 3659 248 3712 Alb
264 3659 315 3726 Aq.
332 3659 394 3712 VII.
414 3659 459 3712 13:
479 3656 570 3710 Arrun
587 3653 644 3709 aldi
663 3649 811 3713 Ascalonia,
830 3649 979 3703 Caesareae
999 3651 1028 3704 et
1046 3618 1225 3704 Ptolemaidis
1245 3646 1315 3699 nihil
1397 3661 1408 3684 ⁰
1451 3661 1461 3682 ⁴

283 3744 381 3798 melius
400 3745 550 3807 senserunt,
576 3744 610 3796 ut
637 3737 741 3809 legatio
760 3737 795 3790 ad
811 3736 989 3789 salutandum
1006 3737 1102 3790 ducem
1116 3735 1315 3788 maturaretur:
1350 3707 1458 3810 sus]

288 3863 321 3872 —-
339 3830 454 3900 singulis
476 3829 614 3884 mensibus
647 3825 769 3894 quinque
798 3821 887 3874 millia
916 3822 1152 3892 Byzantiorum
1146 3840 1175 3875 m
1208 3822 1327 3890 ratione,

287 3917 457 3972 tributorum
476 3915 613 3970 reddituri
631 3929 732 3966 sumus.

217 4022 244 4089 5)
264 4021 368 4075 Ekkeh.
388 4023 436 4075 19:
457 4038 550 4090 pacem
567 4017 752 4072 firmissimam
771 4029 833 4067 cum
862 4012 1016 4066 Ascaloniis
1031 4015 1115 4081 atque
1140 4012 1316 4067 Damascenis

149 4107 241 4178 gratia
259 4107 483 4163 commerciorum
502 4107 601 4161 habuit
619 4101 790 4160 Godefridus.

217 4195 245 4264 6)
264 4194 369 4250 Ekkeh.
390 4196 431 4249 19.
449 4194 511 4249 Alb.
530 4194 582 4263 Aq.
600 4192 663 4247 VII.
680 4191 720 4245 1⁶2.
