3138 4912
822 401 863 462 28

267 594 569 676 Constantinopolim
589 596 684 676 paulo
722 604 795 678 post
834 599 1063 680 pervenientes,
1094 598 1195 678 adigit
1231 600 1360 665 Alexius
1394 601 1435 665 ad

263 695 494 776 jusjurandum,
517 696 608 762 simul
634 699 671 776 vi,
694 697 785 762 simul
809 698 946 762 consiliis
966 698 1092 776 dolosis
1114 699 1206 762 simul
1225 699 1326 763 verbis
1348 699 1436 764 blan·

268 795 318 858 dis
341 794 501 859 adhibitio.

351 895 552 976 eramento,
581 897 716 976 ingentis
748 898 1048 978 exercitatorem),
1078 901 1166 979 cujus
1196 901 1355 964 interitum
1374 901 1436 980 jnm

267 998 299 1062 iu
321 996 433 1060 itinere
454 997 534 1077 petit
558 997 685 1060 Alexius
706 997 894 1076 parandum
923 997 1039 1062 fiumen
1065 998 1237 1063 Bardarum
1260 999 1434 1063 transeunt

267 1095 395 1160 insidias
417 1096 601 1176 collocati).
626 1097 724 1174 Quum
748 1105 853 1164 autem
878 1117 914 1162 ex
928 1099 1048 1163 insidiis
1071 1099 1272 1164 boamundus
1289 1100 1442 1189 evaserit,-

267 1215 324 1277 per
345 1197 466 1278 legatos
492 1197 613 1264 obviam
647 1198 760 1262 missos
780 1199 949 1262 amicitiam
978 1199 1121 1264 intimam
1145 1200 1274 1264 simulat
1297 1200 1435 1264 Alexius.

351 1297 515 1362 Amicitiae
537 1297 703 1362 simulatae
732 1290 932 1362 Boamundus
956 1297 1086 1377 diffidit,
1110 1316 1204 1379 quarn
1233 1299 1272 1364 ob
1301 1319 1437 1376 causam,
1553 1301 1554 1318 ¹

269 1395 542 1479 Constantinopoli
566 1404 661 1477 tacta,
682 1405 867 1464 constanter
889 1404 1022 1474 recusat,
1055 1417 1093 1462 ne
1116 1399 1225 1464 Alexio
1247 1401 1302 1463 det
1324 1399 1433 1464 vasalli

265 1497 497 1584 jusjurandum.
522 1498 648 1564 Alexius
670 1517 766 1581 quum
788 1508 894 1564 autem
915 1500 1101 1580 promissum
1126 1497 1231 1578 faeiat,
1255 1499 1436 1564 Boamundo

269 1599 315 1662 in.
335 1599 411 1662 Asia
442 1616 571 1678 regnum
604 1617 749 1678 magnum
783 1600 985 1664 constitutum
1019 1600 1074 1678 iri,
1103 1600 1323 1682 jusjurandum
1357 1601 1435 1665 Boa-

269 1699 404 1764 mundus
423 1699 511 1780 jurat
532 1699 666 1782 petitum
679 1699 721 1778 ³).
1370 1761 1372 1765 a

352 1800 545 1880 TancreduS‚
566 1818 626 1881 quo
651 1799 729 1864 duce
763 1799 936 1864 Boamundi
961 1800 1116 1864 exercitus
1139 1799 1355 1866 Boamundum
1381 1821 1436 1866 se-

256 1900 386 1980 quitur,
408 1919 475 1965 cum
500 1901 637 1964 exercitu
661 1899 964 1981 Constantinopolim
986 1901 1140 1980 praeterit
1165 1908 1263 1981 atque
1285 1903 1352 1966 sine
1375 1902 1438 1964 ulla

268 1999 421 2064 dilatione
442 2000 604 2066 brachium
625 2001 719 2064 maris
741 2001 975 2080 transgreditur
1000 2001 1030 2064 in
1061 2001 1186 2081 Asiam,
1212 2000 1434 2081 jusjurandum

270 2102 475 2179 vitaturum).
518 2101 634 2166 Tamen
662 2101 764 2182 ipsum
795 2119 918 2182 quoque
946 2100 1135 2165 Godelridus
1167 2101 1326 2180 ceterique
1347 2103 1432 2182 prin·

269 2201 363 2281 cipes,
385 2201 535 2282 imprimis
557 2201 769 2278 boamundus,
787 2200 1010 2282 adhortantur,
1034 2210 1072 2265 ut
1095 2201 1211 2281 Alexio,
1236 2201 1351 2266 Nicaea
1369 2201 1434 2282 jam

269 2308 465 2384 expugnata.
475 2301 697 2383 jusjurandum
717 2302 803 2382 jnret
823 2303 966 2383 petitum.

352 2403 550 2468 Raimundus
573 2401 747 2466 Tolosanus
770 2419 891 2479 cornea,
921 2402 1093 2483 principum
1120 2399 1336 2479 Hierosolyma
1365 2417 1436 2480 pro·

270 2501 472 2568 ficiscuntium
502 2501 673 2567 ditissimus
703 2519 740 2566 ac
768 2503 1021 2583 potentissimus,
1049 2519 1116 2564 cum
1140 2518 1202 2580 quo
1225 2499 1364 2563 sociatus
1388 2507 1437 2562 est

271 2603 444 2667 Artemarus
466 2601 628 2666 Podiensis
651 2603 832 2682 episcopus,
854 2619 956 2683 papae
977 2601 1042 2664 vice
1062 2599 1243 2678 functurus,
1275 2598 1436 2662 Godelridi

269 2709 507 2783 ceterorumque
530 2702 702 2783 principum
726 2703 956 2768 incitationibus
978 2701 1018 2763 ad
1042 2698 1187 2762 ultimum
1202 2706 1360 2779 repugnat
1379 2699 1436 2780 ita,

271 2811 307 2867 ut
329 2801 544 2881 BoamuuduS,
573 2803 619 2865 ira
653 2802 769 2881 victus,
803 2820 837 2867 se
862 2819 929 2864 cum
957 2800 1147 2880 imperatore
1176 2805 1336 2864 staturum
1367 2818 1437 2863 esse

272 2903 372 2982 dicat,
397 2903 422 2967 si
452 2902 525 2982 quid
555 2902 687 2982 injuriae
717 2902 747 2965 in
779 2919 849 2966 enm
880 2899 1038 2964 immittat.
1080 2900 1147 2978 Quo
1176 2899 1293 2965 factum
1317 2906 1379 2977 cst,
1401 2906 1438 2963 ut

271 3037 350 3043 .——....
354 3037 463 3044 ...ω-,μ
466 3037 562 3044 -...,,.,.,

341 3100 367 3168 1)
386 3099 450 3153 Alb.
466 3100 518 3168 Aq.
537 3099 571 3152 ΙΙ.
591 3098 637 3151 18:
656 3099 750 3152 decern
768 3096 858 3150 millia
877 3097 981 3150 habens
1002 3097 1130 3166 equitum
1148 3098 1178 3150 et
1197 3095 1332 3166 plurimas
1346 3096 1439 3166 copias
1553 3169 1554 3172 Ἴ

272 3186 407 3258 peditum.
442 3185 519 3240 will.
538 3186 600 3256 Tyr.
619 3185 654 3238 ΙΙ.
675 3185 716 3238 13.

340 3291 367 3361 2)
387 3291 461 3344 Gest.
484 3289 546 3344 Vt:
567 3306 650 3359 quem
671 3287 887 3360 (Boamundum)
918 3289 999 3343 valde
1029 3287 1162 3351 timebat,
1187 3286 1254 3356 quia
1283 3288 1349 3342 olim
1373 3305 1438 3341 eum

271 3395 352 3448 saepe
371 3395 434 3431 cum
451 3394 500 3430 suo
517 3376 640 3432 exercitu
659 3376 777 3446 ejecerat
795 3376 829 3430 de
847 3391 951 3446 campo.
969 3376 1002 3430 cf.
1021 3375 1089 3430 Gest
1105 3374 1153 3428 IV.

342 3482 369 3550 3)
388 3481 461 3536 Gest.
486 3480 542 3534 VI:
568 3479 682 3534 Alexius
710 3479 794 3534 dixit:
815 3479 947 3548 quoniam
971 3479 994 3533 si
1020 3479 1142 3533 libenter
1163 3477 1189 3532 ei
1209 3477 1330 3550 juraret,
1356 3477 1438 3546 quin-

272 3567 360 3623 decim
383 3560 440 3622 dies
462 3568 546 3622 eundi
569 3571 659 3622 terrae
684 3567 713 3621 in
733 3567 892 3622 extensione
918 3568 954 3621 ab
973 3563 1122 3620 Antiochia
1140 3565 1214 3617 retro
1232 3565 1312 3618 daret
1330 3567 1359 3620 et
1377 3567 1439 3618 octo

272 3655 302 3709 in
318 3653 479 3709 latitudine.

308 3759 439 3812 Albertus
463 3759 515 3826 Aq.
538 3758 585 3830 (II.
610 3757 654 3826 18)
676 3755 752 3820 dicit,
774 3754 966 3809 Boamundum
1003 3755 1161 3809 constanter
1186 3758 1390 3823 repugnantem
1422 3772 1439 3806 a

408 3845 564 3909 Godefrido,
582 3862 617 3898 ex
631 3843 699 3898 urbe
717 3842 760 3898 illi
777 3841 890 3896 'obviam
909 3841 1040 3911 profecto,
1059 3841 1215 3911 permotum
1234 3856 1306 3904 esse,
1331 3841 1364 3893 ut
1378 3840 1439 3909 jus·

407 3931 560 4001 jurandum
576 3931 687 4000 juraret
706 3929 834 4000 petitum.

342 4036 369 4105 4)
389 4037 463 4090 Gest.
484 4035 563 4089 VIL:
585 4035 740 4088 Tancredus
766 4051 830 4088 vero
854 4035 883 4088 et
905 4033 1059 4087 Rit’nardus
1082 4031 1115 4084 de
1139 4027 1301 4098 Principatu
1325 4032 1439 4098 propter
1553 4085 1554 4088 ,

270 4121 465 4192 jusjurandum
484 4119 659 4191 imperatoris
678 4121 799 4176 latenter
817 4119 1055 4176 hanefetavarunt
1072 4113 1226 4172 brachium.

309 4226 371 4282 Alb.
389 4227 442 4297 Aq.
460 4226 496 4280 ΙΙ.
515 4226 556 4281 19.
1061 4218 1063 4223 ’
