3138 4912
701 399 740 460 47

572 477 865 492 ffl-——fl

134 601 219 666 urbis
242 597 403 662 castellum
429 603 462 658 et
489 602 624 659 montem
655 616 673 659 a
701 597 879 660 clnistianis
908 596 1088 672 obtentum,
1120 594 1300 675 quotidiea

134 702 233 782 primo
257 696 392 761 diluculo
422 695 461 758 ad
495 695 624 758 multam
658 706 779 760 noctem
809 715 949 777 pugnare
977 701 1138 774 coguntur.
1187 693 1300 758 Omnes

134 800 261 864 sortiter
277 802 431 876 pugnant,
453 795 507 857 sed
530 787 666 861 atrimum
683 796 886 876 despondent,
910 815 964 878 spe
980 796 1154 859 Turcarum
1179 796 1300 857 vincen-

134 901 248 964 dorum
280 897 411 976 abJecta.
468 893 560 958 Multi
592 915 732 976 pugnare
759 903 914 960 recusant.
972 895 1050 960 Pars
1080 913 1193 972 hingala
1222 894 1300 958 clam

134 998 260 1077 aufugit
276 999 310 1076 ¹).
354 995 459 1060 Ceteri
474 996 519 1057 ita
535 995 687 1058 debilitati
702 1003 797 1076 atque
812 997 925 1076 abjecti
947 1004 1029 1075 sunt,
1052 1002 1088 1057 ut
1110 994 1149 1057 ad
1164 1013 1300 1075 pugnam

135 1097 398 1180 perseverandam
428 1097 476 1157 vix
514 1105 765 1174 permoveantur.
816 1095 985 1158 Praeterea
1022 1113 1116 1174 quum
1157 1102 1301 1158 nuntium

136 1198 307 1277 accipiant,
338 1196 438 1258 Alexii
469 1193 638 1258 auxiliares
668 1198 697 1258 in
728 1197 840 1259 itinere
868 1195 908 1258 ad
934 1193 1129 1257 Antiochiam
1160 1201 1301 1258 versatos

138 1295 443 1376 Constantinopolim
467 1293 596 1357 rediisse
610 1296 652 1374 Ἰ),
674 1314 765 1357 nemo
788 1301 846 1374 est,
868 1296 922 1374 qui
945 1294 1076 1371 dubitet,
1098 1294 1170 1373 quin
1195 1312 1301 1358 omnes

138 1398 245 1462 diebus
275 1397 424 1478 proximis
456 1402 587 1458 mortem
619 1402 771 1476 oppetant
799 1402 936 1474 tertam,
974 1401 1006 1457 et
1036 1413 1126 1456 neruo
1155 1403 1217 1473 est,
1248 1397 1302 1474 qui

137 1499 309 1579 principum
332 1497 548 1575 obtemperare
567 1495 644 1557 velit
666 1495 832 1558 mandatis.

221 1597 339 1672 Quibus
362 1597 496 1660 miseriis
518 1596 616 1658 coacti
640 1595 794 1675 principes
821 1597 903 1658 inter
926 1613 960 1657 se
983 1595 1186 1676 conveniunt,
1218 1598 1303 1660 urbis

138 1696 310 1761 custodiam
334 1703 365 1758 et
387 1694 540 1758 summum
563 1696 723 1773 copiarum
747 1697 907 1776 imperium
931 1695 1014 1757 credi
1040 1695 1220 1760 Boamundo
1234 1693 1271 1778 ³).
1350 1709 1351 1712 ’

225 1794 429 1864 Boamundus
459 1794 549 1858 fidem
577 1799 728 1874 praestat.
773 1795 876 1858 Audet
909 1795 1027 1857 ultima.
1072 1793 1114 1858 Ut
1143 1796 1256 1859 milites
1287 1815 1304 1860 e

140 1895 281 1958 domibus
303 1897 344 1958 ad
367 1913 504 1974 pugnam
516 1902 660 1958 arcessat
680 1902 711 1957 et
733 1895 942 1958 obedientiam
966 1894 1191 1973 quodannnodo
1214 1897 1304 1959 resti·
1333 1979 1335 1985 .

140 2003 220 2074 tuat,
235 1996 319 2058 urbis
335 2003 443 2074 partes
459 1995 623 2057 nonrmllas
638 1994 775 2057 incendit
785 2001 824 2074 ⁴).
855 1995 982 2058 Exeunt
995 1995 1110 2058 milites
1125 2015 1142 2057 e
1155 1997 1304 2077 dontibus,

139 2096 194 2158 scd
218 2115 252 2157 se
275 2096 376 2158 denuo
399 2095 429 2158 in
447 2095 524 2158 urbe
539 2095 690 2158 adversus
713 2094 821 2158 hostes
836 2103 1033 2175 pugnaturos
1055 2113 1124 2158 esse
1137 2096 1303 2176 denegant.

140 2197 249 2258 Denuo
271 2213 327 2274 spe
349 2195 482 2258 hostium
506 2193 727 2258 vincendorum
751 2194 897 2257 hustrari
920 2194 1039 2256 nolunt.

221 2296 366 2358 Animum
389 2295 588 2357 debilitatum
612 2295 739 2372 erigunt
761 2295 806 2356 his
830 2295 1021 2374 temporibus
1039 2296 1135 2358 inulta
1159 2302 1304 2375 portenta

139 2415 175 2458 ac
196 2395 355 2458 miracula.
399 2395 434 2458 ln
457 2395 502 2458 St.
525 2395 611 2458 Petri
642 2393 789 2472 ecclesia,
824 2412 912 2474 quem
945 2395 1042 2457 locum
1065 2394 1208 2458 Andreas
1231 2413 1307 2475 apo-

142 2496 239 2560 stolus
253 2495 348 2563 Petro
362 2494 603 2558 bartholomaeo
624 2495 746 2557 cuidam
764 2494 960 2572 significavit,
981 2497 1141 2574 reperiunt
1153 2495 1305 2574 lanceam,

142 2613 203 2674 qua
226 2595 342 2658 Christi
366 2595 450 2659 latus
472 2595 629 2674 quondam
654 2600 702 2657 est
725 2593 910 2657 transfixum
923 2596 960 2674 ⁵).
1000 2655 1002 2658 .

225 2693 381 2758 Christum
401 2697 503 2773 ipsum
519 2695 695 2775 Stephanus
716 2693 841 2773 quidam
858 2701 993 2757 testatur
1016 2695 1055 2756 ad
1080 2713 1214 2774 pugnam
1238 2715 1307 2776 per-

141 2795 345 2858 severandam
368 2793 569 2858 adhortatum
591 2811 660 2856 esse
683 2793 767 2856 hisce
790 2794 907 2857 verbis:
939 2795 1155 2858 convertimini
1185 2796 1226 2858 ad
1258 2815 1306 2858 me

145 2979 291 2988 ——-——-

243 3076 333 3130 Raim.
353 3095 379 3145 p.
399 3075 459 3128 153:
478 3074 603 3144 plerique
623 3074 725 3128 militas
744 3075 879 3145 sanguine
897 3093 1031 3144 equorum
1049 3075 1189 3132 vivebant.

246 3162 290 3215 W.
309 3161 339 3216 Τ.
359 3161 406 3226 Vl,
425 3161 452 3212 7:
480 3161 548 3229 quid
564 3161 663 3230 plural
698 3161 834 3226 Camelos,
860 3161 962 3226 asinos,
983 3179 1078 3230 equos,
1098 3165 1188 3218 mulos
1207 3167 1238 3219 at
1255 3166 1307 3219 im-

145 3251 250 3303 munda
268 3247 411 3316 quaelibet
428 3250 457 3301 et
475 3247 590 3316 indigna
609 3248 711 3313 relatu,
736 3248 870 3301 suffocata
889 3250 917 3311 et
935 3249 1092 3312 morticina,
1112 3251 1240 3318 quotiens
1260 3254 1308 3306 da-

141 3339 225 3392 batur
244 3353 279 3388 ex
295 3334 340 3388 his
358 3332 467 3402 aliquid
486 3333 595 3396 habere,
612 3351 662 3402 pro
679 3333 793 3386 summis
810 3334 952 3389 habebant
970 3335 1083 3390 deliciis.
1121 3339 1183 3392 Alb.
1197 3339 1249 3407 Aq.
1260 3341 1308 3404 IV,

142 3425 184 3477 34.
218 3421 325 3476 Kemal.
344 3439 370 3490 p.
387 3421 429 3474 Ab.

215 3526 241 3596 l)
259 3524 349 3578 Raim.
368 3543 393 3593 p.
415 3526 471 3578 153.
508 3523 583 3578 (last.
600 3524 642 3577 27.
680 3524 741 3578 Alb.
761 3525 812 3592 Aq.
831 3525 883 3590 IVR,
909 3527 951 3579 37.
989 3527 1085 3582 Fulch.
1105 3529 1180 3584 VIII.
1219 3531 1260 3586 W.
1279 3532 1309 3584 Τ.

142 3613 189 3677 VI,
209 3614 233 3665 5.
253 3612 363 3666 10-11.

211 3715 239 3784 2)
258 3715 342 3770 Gest·
359 3715 377 3768 l.
393 3732 416 3769 c.
453 3714 515 3768 Alb.
536 3715 588 3784 Aq.
606 3716 654 3779 IV,
672 3716 784 3770 ulo-41.
822 3716 866 3770 W.
885 3714 915 3769 T.
932 3717 979 3781 VI,
1000 3719 1039 3772 12.
1076 3720 1145 3776 Rau.
1165 3723 1206 3777 72.

212 3818 241 3887 3)
258 3817 349 3872 Raim.
368 3837 394 3887 p.
413 3819 475 3872 153:
501 3820 534 3872 ut
556 3819 754 3889 (boamundus)
773 3820 807 3873 de
834 3821 959 3874 custodia
986 3821 1110 3877 civitatis
1135 3827 1163 3880 et
1183 3829 1217 3882 de
1237 3829 1309 3884 bello

144 3903 302 3973 disponeret
321 3935 352 3943 —-
372 3906 511 3974 usquead
529 3906 687 3974 quindecim
706 3906 763 3961 dies
782 3908 844 3976 post
862 3907 975 3961 bellum.
1014 3910 1057 3964 W.
1077 3911 1106 3964 T.
1129 3912 1172 3977 Vl,
1192 3917 1216 3968 5.

213 4008 241 4077 4)
260 4009 334 4063 sess.
351 4007 393 4062 ae.
429 4009 474 4062 m.
494 4009 523 4062 r.
542 4009 588 4072 vi,
610 4011 650 4064 rs.

212 4112 239 4178 5)
257 4111 347 4165 naim.
365 4131 391 4181 p.
409 4113 552 4167 150-151.
588 4113 662 4168 Gest.
681 4115 721 4168 25.
743 4115 784 4168 28.
824 4116 918 4170 Fuloh.
937 4117 976 4170 10.
1001 4163 1005 4170 .

246 4195 308 4250 Alb.
327 4198 379 4267 Aq.
397 4199 445 4264 IV,
464 4201 505 4253 43.
544 4199 588 4254 W.
607 4201 637 4253 T.
656 4201 703 4266 Vl,
724 4201 763 4254 14.
