3138 4912
819 377 860 438 42

262 564 368 630 eodem
407 572 545 649 tempore
581 569 820 636 christianorum
857 573 1011 653 principes
1049 574 1129 653 duo,
1167 572 1325 638 Robertus
1351 573 1429 638 Nor·

261 684 408 745 mannus,
439 669 491 748 qui
512 669 621 747 abest,
650 675 683 734 et
704 670 892 737 Godelridus
915 671 995 752 dux,
1024 674 1076 754 qui
1107 673 1216 738 uirorbo
1240 673 1327 753 gravi
1357 691 1429 737 con·

261 763 411 848 flicmtur,
436 786 497 833 nou
522 769 721 835 satisfaciunt
741 770 850 835 officiis
863 773 905 853 ¹).

344 866 493 932 Miserias
523 874 598 933 sunt
628 873 791 935 maximae.
842 871 931 936 Unde
960 891 1082 936 sumere
1109 875 1224 938 victum
1246 872 1429 936 hominum?

261 963 321 1030 Ubi
343 985 494 1047 quaerere
517 969 666 1050 pabulum
691 973 865 1050 equorum?
907 972 971 1035 Abs
992 990 1051 1052 quo
1075 979 1259 1054 exspectare
1278 971 1427 1035 auxilium

260 1064 291 1128 in
317 1067 471 1132 miseriis?

343 1166 387 1232 Ut
401 1168 545 1236 miseriae
559 1177 776 1251 amoveantur,
792 1171 993 1238 Boamundus
1009 1178 1042 1236 et
1054 1173 1211 1237 Robertus
1225 1171 1428 1236 Flandrensis

261 1265 293 1329 in
320 1267 463 1348 regiones
495 1275 630 1334 remotas
660 1271 775 1334 victum
805 1273 979 1352 quaesituri
1008 1272 1221 1352 pabulumque
1249 1272 1427 1336 convectari

261 1374 378 1430 exeunt
407 1385 474 1432 cum
509 1369 583 1432 suis
636 1369 707 1433 lam
739 1371 841 1435 altero
874 1370 983 1454 die²),
1025 1373 1074 1436 die
1116 1373 1272 1437 tricesimo
1313 1373 1428 1436 mensis

261 1465 459 1548 Decembris,
481 1467 624 1534 hostibus
651 1477 832 1545 occurrunt,
857 1472 925 1552 qui,
956 1491 976 1535 a
997 1471 1076 1551 Bugi
1099 1471 1204 1553 Sijano
1225 1473 1256 1536 in
1280 1473 1427 1536 auxilium

261 1567 464 1650 advocatill,
495 1587 532 1632 ex
561 1575 648 1632 terra
678 1569 872 1635 Damascena
901 1577 987 1636 recto
1017 1573 1130 1636 itinere
1162 1572 1200 1636 ad
1231 1572 1426 1637 Antiochiam

261 1673 447 1747 properant,
472 1674 521 1746 ut,
549 1667 628 1749 Bagi
650 1669 757 1751 Sijano
779 1690 816 1734 ex
839 1671 1042 1736 incommodis
1064 1671 1214 1750 liberato,
1240 1671 1428 1736 christianos

261 1767 377 1830 viribus
407 1769 574 1833 contractis
604 1768 779 1834 conficiant.
836 1771 916 1836 Sunt
953 1777 1018 1836 tres
1054 1773 1210 1853 principes
1240 1772 1427 1836 Damasceni

261 1865 387 1946 Dehah,
408 1867 577 1950 Tagthigin
601 1875 632 1933 et
654 1869 824 1934 Dschanah
848 1870 1019 1936 Eddewlet.

343 1968 378 2030 ln
401 1974 535 2048 utraque
555 1974 645 2049 parte
666 1971 815 2034 acerrime
831 1978 980 2051 pugnant.
1025 1972 1131 2053 Neque
1147 1990 1182 2036 eo
1199 1972 1299 2038 secius
1315 1978 1427 2058 neutra

259 2085 333 2146 pars
354 2068 464 2149 vincit,
488 2076 602 2132 neutra
623 2088 697 2151 pars
721 2071 862 2134 vincitur.
906 2071 1108 2136 Boamundus
1133 2078 1165 2136 et
1185 2073 1350 2152 Robertus,
1372 2089 1427 2152 spe

261 2167 360 2230 victus
382 2169 548 2248 quaerendi
570 2177 602 2233 et
619 2170 727 2250 pabuli
743 2171 933 2235 convehendi
948 2173 1074 2236 omnino
1093 2171 1133 2236 ad
1148 2173 1272 2236 irritum
1287 2171 1424 2250 redacta,

260 2267 300 2330 ad
323 2277 426 2331 castra
448 2268 587 2350 redeunt,
607 2277 727 2335 tantum
750 2289 846 2334 unum
869 2271 1063 2336 commodum
1084 2271 1251 2349 consecuti,
1283 2277 1318 2334 ut
1337 2270 1423 2349 prin-

259 2369 342 2448 cipes
371 2368 556 2434 Damasceni
594 2388 691 2452 supra
728 2369 803 2436 dicti
842 2371 882 2436 ab
912 2371 971 2438 hoo
1004 2377 1142 2452 tempore
1174 2369 1250 2448 Bagi
1284 2369 1423 2448 Sijanum

258 2468 395 2548 periculo
417 2469 548 2534 liberare
570 2469 735 2534 desistant.

342 2567 469 2632 Cladem
490 2577 678 2650 acceperunt
707 2569 815 2634 eodem
839 2576 978 2651 tempore
1004 2576 1078 2633 ante
1100 2567 1298 2632 Antiochiam
1322 2566 1425 2631 soue-

258 2666 330 2730 fridi
353 2668 438 2734 ducis
462 2677 493 2732 et
515 2669 682 2734 Raimundi
710 2671 833 2734 comitis
865 2668 1029 2752 eopiae⁴).
1079 2668 1127 2731 Ex
1155 2685 1310 2732 consensu
1340 2668 1426 2747 prin-

258 2768 362 2848 cipum
385 2770 519 2833 omnium
542 2775 609 2834 tota
630 2779 735 2834 castra
758 2769 930 2834 christiana
955 2768 1037 2833 vallo
1065 2767 1211 2848 fossaque
1233 2770 1425 2834 muniuntur.

343 2869 515 2934 Turoarum
550 2871 704 2951 principes
740 2871 799 2951 ipsi
835 2878 985 2934 exterra
1012 2869 1114 2932 Haleb
1150 2869 1189 2934 ad
1227 2868 1425 2933 Antiochiam

259 2975 450 3050 properant,
487 2971 629 3052 utBagr
656 2971 761 3052 Sijano
789 2971 939 3036 auxilium
969 2970 1090 3047 ferant,
1126 2969 1294 3034 et·christ
1272 2975 1427 3034 thanorum

258 3069 329 3150 equi
333 3076 380 3133 tes
333 3070 454 3134 tsibi
469 3070 590 3134 obviam
606 3089 750 3151 egressos
763 3071 803 3134 ad
820 3089 959 3152 pugnam
975 3071 1110 3136 irritant
1126 2989 1252 3149 ePugna
1266 3075 1426 3150 pugnatur

219 3207 228 3228 .
259 3169 309 3234 die
341 3168 503 3234 undecimo
535 3172 649 3234 mensis
677 3170 851 3234 lebruarii.
902 3171 971 3235 Vict
958 3171 1072 3234 loriam
1080 3170 1326 3281 adipiscuntur
1346 3168 1426 3232 chri-

259 3268 354 3333 stiani
367 3269 408 3348 ³).
464 3299 468 3310 ·
1329 3269 1368 3296 '''

405 3421 551 3430 -—-.-—-

258 3501 435 3570 consumptis,
456 3501 517 3554 aliis
537 3500 624 3554 etiam
643 3501 793 3570 peremptis
806 3501 908 3572 gladio,
927 3503 995 3555 adeo
1010 3500 1197 3554 comminutus
1210 3501 1271 3554 erat
1283 3500 1427 3563 exercitus,

259 3590 291 3641 ut
311 3587 357 3640 vix
375 3587 434 3657 ejus
452 3587 597 3640 dimidium
616 3588 758 3642 videretur
776 3604 924 3658 superesse.

332 3674 358 3742 1)
375 3673 465 3727 Pasini.
485 3692 511 3743 p.
533 3675 589 3728 144.
626 3675 670 3728 W.
688 3675 718 3727 T.
737 3675 784 3738 IV,
805 3675 844 3728 18.
878 3673 948 3726 Rau.
967 3673 1009 3725 58.

328 3761 355 3829 2)
373 3761 464 3814 Rairn.
484 3781 510 3830 p.
532 3762 676 3815 144-145,
714 3761 788 3815 Gest.
809 3763 850 3814 13.
886 3760 949 3813 Alb.
968 3759 1019 3828 Aq.
1036 3760 1085 3825 lll,
1104 3761 1213 3813 51—52.

327 3849 355 3916 3)
381 3848 424 3901 W.
449 3847 479 3901 T.
502 3849 554 3911 IV,
582 3848 628 3900 ll:
662 3864 755 3901 omnes
788 3847 926 3918 principes
957 3845 1126 3900 sollicitabat
1151 3845 1274 3900 orientis.
1322 3843 1427 3900 Kemal.

257 3952 283 4002 p.
302 3933 412 3988 33-34.

325 4021 353 4089 4)
373 4021 463 4074 Raim.
482 4040 509 4090 p.
530 4022 591 4074 144;
616 4037 671 4073 non
690 4022 840 4074 causentur
863 4039 953 4089 neque
974 4017 1156 4073 irascantur
1148 4036 1178 4071 ιιι
1196 4036 1257 4082 nos,
1274 4018 1346 4073 servi
1366 4019 1428 4085 Dei,

257 4107 357 4162 sitam
372 4109 468 4176 aperte
481 4108 615 4175 pudorem
627 4108 765 4162 exercitus
777 4108 864 4161 riustri
874 4124 1022 4162 mamonae
1032 4107 1205 4160 mandamus
1226 4105 1270 4158 W.
1281 4105 1311 4159 Τ.
1324 4105 1371 4170 IV,
1386 4107 1427 4158 18.

324 4195 587 4266 stasmi-paau-
620 4195 728 4250 Kamul
747 4194 1076 4267 p.34*35.uess.1s1.7
1108 4191 1336 4258 W

284 4303 570 4492 hisp-itt
1064 4291 1322 4442 stiur-2
