3138 4912
785 409 826 468 54

251 629 254 636 ·
316 599 462 678 Magnum
492 604 541 663 ost
575 600 721 676 garrdiuru
756 601 917 665 victorum.
962 601 1115 666 Exierunt
1147 619 1184 664 ex
1212 588 1336 680 patria.¹
1367 605 1403 663 ut

235 699 343 780 urbem
373 707 513 763 sanctam
547 719 583 762 ex
616 700 787 764 Turcarurn
816 703 959 765 manibus
983 703 1142 781 eriperent
1167 701 1402 778 liberarentque

128 835 130 840 ·
235 799 408 879 sepulcrum
433 798 770 864 sanctuminiideiiurn
800 807 971 880 potestate.
1013 801 1139 881 Optime
1162 806 1306 864 conaturn
1330 817 1402 878 pro-

236 898 336 962 cessit.
359 899 476 962 Urbem
501 906 642 964 sanctam
669 908 906 980 expugnarunt,
940 901 1154 965 liberaverunt
1184 905 1325 964 sanctum
1356 917 1404 962 se·

191 1081 192 1086 ἵ
236 998 388 1078 pulcrum.
1128 1079 1131 1084 Α
1380 1043 1381 1048 1

321 1099 382 1163 Sed
405 1101 475 1180 quis
502 1100 619 1163 scelera
636 1100 905 1181 crudelitatesque
919 1102 1093 1166 describere
1108 1103 1184 1178 vuit,
1199 1119 1218 1164 a
1233 1100 1406 1164 victoribus

238 1197 419 1264 christianis
441 1200 630 1263 commisso?
661 1199 704 1263 Ut
724 1199 810 1264 ferae
833 1201 951 1266 bestiae
975 1202 1151 1284 in'plateos
1174 1202 1258 1266 urbis
1280 1201 1406 1264 irruunt

241 1300 431 1384 rapiuntque
462 1300 580 1380 domos
609 1299 716 1380 gladio
749 1299 869 1364 bostem
904 1319 1157 1384 unumquemque
1203 1301 1406 1380 trajicientes

240 1400 355 1462 neurini
377 1418 489 1486 parcen
493 1402 605 1478 tcs¹.)
636 1400 832 1481 Principes'
825 1403 884 1482 ipsi
913 1401 1018 1468 furore
1043 1403 1141 1511 etfuso
1173 1402 1306 1466 hostiurn
1336 1418 1406 1462 san·
1447 1431 1449 1435 v

241 1501 364 1578 guinem
389 1500 507 1564 taciunt
495 1500 712 1578 tmulturn2).

290 1599 405 1662 lteui
431 1599 699 1688 Godefridustest
721 1599 889 1682 inprimis
910 1603 971 1682 qui
994 1601 1098 1666 furore
1120 1603 1230 1666 sedato
1251 1601 1428 1680 caedeque.

242 1700 353 1778 desita,
367 1699 406 1762 ad
426 1700 606 1780 sepulcrum
620 1708 709 1764 sanct
710 1719 760 1764 urn
783 1708 965 1782 properant,
988 1708 1024 1765 ut
1044 1702 1260 1781 liedernptoris
1282 1700 1406 1779 benigni
1484 1729 1487 1734 ·

242 1797 399 1862 celebrent
422 1818 533 1863 nomen
558 1807 590 1863 et
614 1800 735 1879 gratias
757 1801 939 1880 persolvant
961 1801 1019 1864 deo
1044 1802 1245 1866 misericordi.
1299 1799 1406 1864 Eidern

243 1899 416 1964 devotionis
439 1899 546 1963 studio
569 1899 769 1965 satisfaciunt
790 1902 899 1980 copiae
922 1920 1039 1967 omnes,

594 2073 906 2166 ‚noueremus
950 2096 1051 2147 rex.
1142 2157 1144 2162 ,
1216 2139 1218 2144 ,

166 2289 169 2294 ⁴
327 2209 498 2298 Postquam
530 2210 665 2282 uictores
694 2228 750 2291 per
780 2210 886 2290 piures
917 2210 984 2274 dies
1020 2213 1115 2275 vitain
1149 2211 1292 2274 vixerunt
1322 2209 1409 2271 luxu-

185 2315 187 2320 ’
246 2311 464 2386 riosissirnanr‚
499 2311 689 2392 principibus
708 2311 877 2374 necessitas
899 2311 1033 2392 eligendi
1068 2311 1196 2375 obvenit
1223 2310 1323 2388 regis,
1355 2307 1407 2384 qui

240 2427 377 2488 regnum
416 2428 529 2495 nonum
560 2411 715 2489 sapientie
745 2415 835 2488 regat
867 2416 899 2474 et
928 2412 968 2474 ab
1005 2411 1139 2475 hostiurn
1176 2406 1407 2472 excursionibus

197 2577 199 2581 ,
246 2516 373 2574 tueatur
415 2509 660 2583 valida-uranu.
705 2508 834 2589 Eiigunt
870 2528 973 2589 rogem
1010 2500 1165 2590 principes
1198 2505 1408 2570 Rairnund'um

248 2609 447 2689 Tolosanum,
462 2605 498 2673 ex
521 2609 692 2690 principum
705 2626 834 2674 numero
855 2609 1041 2704 ditissimum
1057 2627 1093 2672 ac
1108 2606 1359 2689 potentissimum
1371 2607 1409 2682 ³).

247 2813 389 2822 ....----

320 2892 346 2959 1)
365 2890 454 2944 Raim.
474 2909 499 2960 p.
525 2891 589 2943 179:
614 2891 660 2943 sed
688 2891 723 2943 ad
748 2889 883 2958 templum
908 2887 1061 2942 Salomonis
1088 2887 1237 2943 veniamus.
1271 2884 1343 2950 Quid
1373 2884 1411 2938 ibi

249 2979 435 3034 factumest?
471 2977 498 3030 si
519 2995 616 3030 verum
633 2975 757 3039 dicimus,
775 2975 857 3030 fidem
875 2974 1039 3030 excedimus.
1087 2967 1090 2974 ’

191 3081 217 3152 Ἰ
286 3069 341 3136 8εᾶ
356 3082 467 3134 tantum
485 3080 536 3134 hoc
554 3079 653 3134 dixisse
672 3079 801 3143 sufficiat,
824 3080 897 3148 quod
924 3078 954 3132 in
972 3078 1076 3147 templo
1101 3077 1129 3131 et
1154 3075 1183 3128 in
1211 3074 1319 3144 porticu
1338 3073 1413 3126 Salo·

384 3166 471 3221 monis
495 3165 676 3236 equitabatur
699 3165 728 3236 in
765 3163 901 3234 sanguine
938 3182 1025 3233 usque
1050 3164 1085 3217 ad
1109 3179 1200 3232 genua
1219 3162 1248 3215 et
1266 3178 1352 3228 usque
1378 3160 1413 3213 ad

385 3255 475 3308 frenos
495 3271 637 3321 equorum.

286 3361 331 3413 Br.
349 3359 468 3435 naret.
489 3374 540 3410 sac.
559 3357 586 3408 9:
609 3356 637 3409 in
656 3357 762 3426 templo
781 3354 933 3408 Salomonis
958 3356 987 3409 et
1004 3337 1160 3423 in'porticu
1183 3351 1242 3420 ejus
1264 3348 1414 3420 ¹Christiani

386 3446 468 3498 tanta
486 3443 567 3497 caede
587 3442 730 3496 debaccati
748 3445 821 3504 suut,
839 3442 872 3494 ut
890 3441 919 3493 in
938 3439 1072 3510 sangnine
1090 3439 1239 3493 occisorum
1257 3435 1416 3505 equitarent

388 3547 475 3598 usque
493 3531 528 3583 ad
545 3546 637 3598 genua
652 3544 794 3596 equorum.
857 3581 859 3586 ,
1455 3518 1457 3523 ’

286 3639 359 3691 Gest.
379 3635 426 3688 38:
448 3620 544 3702 Ibique
564 3632 604 3702 (in
622 3629 726 3700 templo
743 3628 908 3697 Salomonis)
926 3626 991 3681 talis
1009 3623 1106 3679 occisio
1128 3623 1197 3689 fuit,
1220 3626 1261 3678 ut.
1276 3625 1364 3678 nostri
1387 3624 1416 3678 in

390 3719 524 3790 sanguine
542 3719 654 3772 iliorum
672 3717 754 3787 pedes
771 3733 859 3784 usque
879 3716 915 3768 ad
933 3712 1046 3768 cavillas
1065 3712 1217 3766 mitterent.

290 3825 350 3880 Alb.
373 3827 421 3892 dq.
435 3823 486 3876 -VL
502 3825 549 3876 21:
568 3836 692 3890 qnorum·
705 3821 773 3874 adeo
789 3818 931 3889 sanguinis
949 3817 1023 3870 facta
1041 3817 1084 3870 est
1102 3813 1206 3878 effusio,
1222 3817 1254 3867 ut
1269 3814 1354 3868 etiam
1365 3813 1418 3867 rivi
1451 3793 1473 3878 ’,

392 3929 441 3981 per
459 3910 519 3978 ipsa
538 3907 698 3978 pavimenta
715 3906 809 3975 regiae
828 3905 908 3959 aulae
922 3904 1085 3958 defluerent

326 4014 461 4083 ‘dtltaim
480 4033 506 4082 p.
526 4012 590 4065 178:
616 4010 756 4076 Quantum
783 4007 944 4078 sanguinem
974 4025 1006 4062 ea
1032 4006 1077 4060 die
1101 4002 1224 4058 fuderint
1251 3997 1419 4072 (Tancredus

255 4105 283 4158 et
302 4101 484 4170 Godefridus)‚
505 4099 583 4153 vix
569 4099 612 4152 est
629 4094 767 4154 credibile.

324 4210 352 4278 3)
324 4207 460 4262 altuini.
479 4223 497 4278 p
514 4201 576 4260 lid.
