3138 4912
698 382 857 498 m.

161 633 209 692 ost
241 627 571 708 Hierosolymitanum,
600 630 768 712 scriptores
800 628 889 692 nobis
920 629 1011 710 plura
1043 615 1208 707 enarrant,
1245 643 1325 706 qnae
1413 622 1437 702 J

160 745 259 808 paene
282 728 385 791 omnia
408 745 477 792 cum
500 731 683 794 commentis
705 737 777 795 sunt
799 717 878 792 satis
902 729 1079 793 commixta.
1123 725 1212 804 Quod
1234 723 1343 789 facile*

160 828 364 908 intellegitur.
388 827 585 908 Expugnatis
602 829 829 911 Hierosolymis
845 834 878 893 et
893 829 1038 910 sepulcro
1055 833 1164 892 sancto
1181 819 1325 902 liberato,

162 945 270 991 omnes
292 946 362 991 eum
385 927 472 991 illius
490 929 638 1009 temporis
659 929 785 994 hero'e'm
808 929 957 994 fecerunt.
1001 927 1148 1006 Quamvis
1170 925 1326 1008 principes

160 1036 193 1092 et
214 1027 330 1109 populi,
345 1025 510 1093 Godefridi
524 1030 733 1108 periculorum
749 1039 782 1094 et
798 1049 901 1094 rerum
918 1034 1080 1110 gestarum
1098 1027 1184 1104 socii,
1202 1024 1325 1089 laudem

162 1129 219 1192 sibi
242 1146 385 1208 magnam
407 1117 597 1210 pepererint,
622 1135 727 1194 tamon
750 1129 938 1195 Godefridus
960 1129 1044 1194 solus
1066 1127 1202 1190 fructum
1220 1124 1324 1205 carpit

166 1236 198 1292 et
219 1247 332 1293 omnes
360 1247 430 1293 eum
462 1229 562 1293 solum
592 1230 737 1296 laudibus
760 1233 799 1294 ad
822 1231 940 1295 coelum
965 1228 1107 1292 efferunt.
1152 1223 1325 1291 Godefrido
1379 1269 1382 1275 .

163 1328 231 1406 soli,
253 1329 342 1409 regni
363 1328 641 1410 Hierosolymitani
662 1332 730 1410 regi
750 1333 860 1412 primo,
883 1348 1003 1394 omnem
1027 1327 1158 1408 gloriam
1184 1323 1328 1388 tribuunt

162 1427 374 1492 communiter
394 1435 529 1509 captam.
575 1429 643 1506 (luo
665 1431 779 1495 factum
803 1437 860 1510 est,
874 1443 917 1494 ut
939 1419 1127 1507 censerentp
1139 1427 1203 1507 jam
1225 1423 1326 1508 Gode·

163 1528 236 1591 iridi
253 1527 452 1609 juventutem
473 1529 592 1608 gloriae
613 1532 767 1594 maximae
790 1550 859 1595 esse
885 1529 1078 1610 testimonio,
1111 1533 1143 1590 et
1164 1535 1199 1589 ut
1218 1541 1327 1588 narra-

166 1629 268 1692 tiones
298 1627 336 1692 de
370 1627 532 1717 Godelridi
557 1629 724 1710 J'uventute
751 1632 839 1696 nobis
875 1630 1013 1694 traditae
1043 1646 1112 1692 cunr
1144 1622 1326 1689 commentis
1380 1659 1382 1664 ·

162 1727 398 1808 plusminusve
422 1728 708 1818 commiscerentur,
1173 1799 1175 1803 .

248 1826 291 1891 Ut
305 1826 493 1892 Godefridus
506 1846 598 1909 quam
611 1831 743 1895 maxime
754 1831 904 1894 emineret
913 1829 997 1893 inter
1007 1827 1199 1918 principesa
1214 1822 1327 1889 Oarolo

164 1926 279 2008 Magno
301 1928 454 2007 originem
478 1934 644 1994 traxerunt
674 1929 698 2013 ).
811 1962 814 1970 ·

246 2027 301 2090 lda
321 2041 423 2091 mator
447 2030 677 2116 praesagivisse
701 2036 864 2109 narratur,
895 2027 1041 2093 filiorum·
1070 2028 1163 2108 trium
1195 2025 1346 2106 primum

164 2127 326 2206 comitem,
356 2128 523 2192 secundum
546 2129 672 2211 ducem,
707 2132 834 2196 tert-ium
856 2128 975 2214 factum
1008 2129 1044 2192 iri
1069 2137 1185 2206 regem.
1229 2126 1327 2203 Quem

164 2227 303 2292 ordinem
327 2215 540 2309 praesagitum
561 2228 616 2294 filii
640 2239 713 2295 suut
734 2224 899 2296 consecuti.
944 2227 1135 2293 Eustachius
1157 2225 1259 2290 factus
1280 2229 1328 2294 cst

164 2345 276 2408 comesi,
299 2327 486 2392 Godet'ridus
507 2327 580 2409 dux,
601 2349 714 2414 nomen
737 2331 819 2411 regis
843 2347 1024 2412 aspernans,
1041 2347 1094 2391 rex
1108 2326 1326 2400 Balrluinus2l.

249 2423 440 2493 Godefridus
470 2429 593 2510 juvenis
631 2449 725 2511 saepe
761 2431 876 2494 dicitur
913 2429 1157 2506 desideravisse,
1176 2433 1225 2489 nt
1256 2443 1325 2489 cum

164 2530 300 2592 exercitu
331 2545 444 2609 magno
478 2529 518 2594 ad
542 2528 657 2595 Christi
691 2523 863 2611 sepulerum
894 2528 1087 2594 liberandum
1107 2525 1328 2610 Hierosolyma

164 2627 421 2707 proficisceretur.
472 2630 561 2708 Quod
598 2630 789 2696 desiderium
834 2630 1034 2712 expeditione
1079 2627 1235 2709 expletum
1261 2632 1329 2688 'est

165 2726 452 2808 Hierosolymitana
466 2730 509 2814 ³).
581 2719 584 2726 ’

246 2828 391 2893 Formam
414 2831 655 2912 speciemque⁴)
678 2827 856 2910 significant
879 2828 1086 2911 splendidam.

249 2927 437 2994 Godelridus
458 2949 553 3012 quum
575 2931 615 2996 ad
639 2929 767 2994 Henrlci
789 2929 988 3010 imperatoris
1012 2929 1117 2992 aulam
1146 2945 1214 2991 cum
1236 2927 1329 2991 comi·

165 3031 234 3090 tatu
258 3046 372 3108 magno
394 3029 558 3112 adveniat,
579 3029 733 3094 Heuricus
756 3048 793 3092 ex
817 3030 880 3094 suis
905 3028 1043 3110 quaerit,
1078 3028 1147 3109 quis
1170 3027 1212 3090 sit
1232 3044 1328 3107 eques
1360 3019 1362 3026 ’

178 3198 287 3205 ..ρ-...-

235 3277 264 3344 r).
281 3275 357 3332 wiu.
382 3279 524 3334 parmeno.
552 3241 872 3350 (Bouq.xl11.p.7.):
903 3277 1067 3354 consumas
1100 3277 1173 3331 num
1207 3293 1330 3344 unquam

164 3364 248 3417 militi
265 3364 369 3421 virtute
388 3367 532 3429 secundus,
551 3368 584 3420 de
603 3364 720 3434 antiqua
738 3365 829 3420 Caroli
850 3364 945 3435 Magni
962 3365 1037 3420 linea
1050 3365 1185 3436 originem
1202 3362 1328 3450 trahens,
1373 3423 1374 3428 ἵ

164 3451 193 3504 et
212 3451 257 3504 cui
276 3469 340 3506 vere
358 3452 494 3522 plurimus
509 3453 601 3507 inerat
619 3453 740 3517 Carolus,
759 3455 818 3506 tam
838 3450 981 3522 sanguine,
1002 3470 1085 3520 quam
1102 3454 1204 3508 monte.

234 3556 261 3625 2)
283 3555 358 3611 Will.
379 3557 443 3627 Tyr.
461 3557 508 3612 IX.
525 3551 551 3611 ’6.
587 3557 668 3612 Guib.
686 3558 721 3612 Il.
743 3557 783 3611 la.

233 3660 261 3729 3)
279 3660 359 3715 Guib.
375 3660 394 3714 l.
413 3678 449 3716 a:
474 3678 530 3715 non
556 3661 730 3732 simpliciter,
749 3665 782 3716 ut
799 3662 863 3727 alii,
891 3664 940 3718 sed
957 3681 1020 3717 cum
1038 3621 1174 3716 violentia
1190 3629 1334 3716 exercitus
1363 3689 1368 3711 .=

164 3747 277 3816 magni..

180 3901 182 3906 .
232 3853 260 3920 4)
280 3852 357 3907 Will.
377 3853 440 3924 Tyr.
461 3855 509 3907 IX.
528 3855 557 3907 5:
578 3869 691 3923 corpore
710 3871 846 3923 procerus,
864 3853 993 3907 robustus
1012 3853 1071 3908 sine
1088 3853 1224 3922 exemplo,
1243 3872 1327 3908 mem-

165 3937 220 3990 bris
238 3938 419 4005 solidioribus,
445 3941 558 3995 thorace
582 3941 673 4006 virili,
692 3940 762 3994 l'aoie
782 3942 916 4004 venusta,
940 3940 1043 4010 capillo
1079 3942 1108 3996 et
1134 3941 1219 3996 barba
1241 3941 1328 3996 flavus

164 4027 354 4091 mediocriter,
378 4029 407 4083 in
426 4049 478 4086 usu
494 4029 634 4085 armorum
650 4032 680 4086 et
697 4030 828 4087 exercitio
848 4029 964 4084 militari
988 4028 1112 4084 omnium
1127 4029 1232 4099 jndicio
1250 4031 1329 4099 quasi

164 4113 322 4184 singularis.
