3138 4912
818 380 858 440 64

258 582 478 648 avaritiam-et
510 583 742 662 arrogantiam,
777 582 945 648 Godelrido
967 581 1151 664 adjuvante,
1186 582 1423 664 apatriurchae

258 701 386 746 munere
406 689 577 747 removent.
609 683 645 747 In
667 682 726 746 hac
748 690 834 746 recta
857 689 930 746 suut
952 684 1127 762 sententia,
1156 690 1193 747 ut
1214 683 1290 747 nihil
1310 683 1352 748 sit
1373 703 1424 748 nc-

258 783 364 862 quius,
394 801 486 847 servo
527 783 642 848 Christi
672 801 768 847 avaro
792 790 825 846 et
856 788 1035 863 arrogante.
1081 782 1280 863 Dagobertus
1310 789 1423 862 autern,

259 882 444 947 Pisanorum
471 883 653 964 episcopus,
682 883 722 947 ad
754 881 1001 963 patriarchatum
1033 890 1213 963 pronatus,
1243 901 1341 964 neque
1369 901 1425 964 pro
1536 947 1537 952 ,

260 982 381 1046 homine
402 1001 499 1046 avaro
522 989 555 1046 et
576 989 746 1062 arrogante
769 1001 802 1046 se
825 982 906 1062 gerit
928 1000 965 1044 ac
987 980 1136 1046 Arnulfus
1153 983 1191 1064 ¹).
1235 981 1331 1046 Paulo
1354 989 1425 1063 post

258 1081 484 1162 promotionem
517 1082 558 1146 ad
600 1081 704 1145 sedem
740 1081 982 1161 patriarchalem
1011 1081 1126 1145 factam
1163 1081 1300 1146 vindicat
1338 1082 1425 1148 urbis

258 1181 378 1263 Joppes
401 1187 544 1262 quartam
570 1189 691 1262 partem
714 1189 747 1245 et
774 1181 861 1245 urbis
884 1179 1171 1262 Hierosolymorum
1190 1181 1424 1262 possessiouem

260 1289 371 1346 totam.
415 1281 460 1345 Ut
480 1299 587 1362 pacem
609 1282 712 1361 agitet
734 1299 802 1344 cum
825 1281 1014 1362 patriarcha,
1036 1279 1223 1346 Godefridus
1243 1289 1425 1346 mansuetus
1538 1333 1539 1336 η

259 1381 454 1464 postulatum
476 1386 643 1461 utrumqne
664 1381 826 1463 adjudicat
847 1378 944 1463 illil).

342 1498 450 1562 Mirari
481 1498 569 1578 licet,
603 1517 731 1578 regnum
760 1515 874 1562 nouum
904 1497 1108 1562 christianum
1130 1498 1170 1562 ab
1193 1499 1336 1564 hostibus
1357 1499 1426 1562 lun·
1539 1483 1540 1488 ἵ

263 1600 349 1664 ditus
372 1617 433 1664 non
457 1617 526 1662 esse
548 1598 695 1675 deletum,
717 1617 809 1679 quum
833 1598 994 1662 Godelridi
1017 1597 1158 1663 homines
1178 1599 1229 1662 vix
1244 1597 1426 1664 suffecerint
1540 1617 1541 1624 ¹

260 1703 299 1765 ad
324 1700 416 1764 urbes
451 1705 555 1762 terrae
584 1717 701 1779 paucas
734 1698 918 1762 obtinendas
949 1704 983 1760 et
1012 1697 1149 1762 hostium
1179 1699 1289 1778 copiae
1311 1698 1426 1762 luerint

261 1798 511 1866 innumerabiles.
554 1799 621 1862 Non
644 1800 806 1878 miramur,
836 1817 930 1878 quum
955 1798 1102 1877 sciamus,
1131 1799 1235 1863 hostes
1258 1817 1371 1878 magno
1394 1799 1425 1861 in

262 1903 372 1966 timore
394 1898 488 1964 fuisse
510 1898 751 1964 christianorum
774 1898 845 1961 belii
869 1905 1086 1979 expertorum,
1115 1899 1250 1962 bostium
1271 1900 1426 1980 principes

260 2004 343 2065 inter
383 2017 416 2063 se
452 1999 647 2068 discordasse
683 2005 715 2062 et
753 2006 919 2078 praeterea
946 1998 1083 2062 hostium
1113 1999 1284 2078 principem
1307 2017 1426 2080 qnem-

261 2120 320 2182 que
343 2099 508 2164 bellavisse
525 2116 594 2161 cum
618 2100 702 2178 regni
726 2099 774 2162 sui
796 2099 958 2162 nobilitate
981 2099 1137 2162 seditiosa.
1199 2137 1204 2150 .

344 2217 435 2298 Capti
461 2234 567 2279 sumus
597 2215 826 2295 misericordia,
864 2216 945 2295 quod
981 2215 1204 2293 Godei'ridum‚
1236 2232 1359 2292 semper
1395 2221 1427 2276 et

261 2318 373 2398 ubique
397 2317 453 2380 Dei
477 2314 626 2396 gloriam,
660 2332 817 2395 nunquam
840 2320 872 2378 et
901 2332 1055 2395 nusquam
1087 2314 1252 2378 terrestria
1276 2317 1426 2389 secutum,

263 2419 345 2480 vires
369 2416 539 2480 defecerint
560 2417 600 2479 ad
623 2415 728 2478 hostes
752 2415 970 2495 devincendos,
985 2423 1016 2479 et
1029 2415 1109 2494 quod
1125 2415 1266 2476 decessus
1286 2417 1426 2473 maturus

261 2536 280 2580 a
304 2535 400 2596 regno
420 2514 653 2579 corroborando
676 2533 744 2577 eum
765 2515 969 2594 prohibuerit.

344 2633 477 2697 hlortem
500 2633 577 2696 obiit
600 2631 787 2696 Godefridus
811 2633 859 2695 die
881 2632 998 2696 ‹leoimo
1020 2629 1127 2708 quinto
1151 2627 1264 2689 mensis
1282 2627 1427 2704 Augusti,

262 2831 553 2842 .-—————..--—·

296 2955 432 3009 ltadulfus
450 2955 523 3026 (140)
541 2955 626 3008 falso:
647 2955 706 3007 erat
724 2954 827 3014 autem,
845 2948 953 3018 inquit,
971 2945 1220 3016 quadragesimalis
1238 2944 1293 2998 diei
1311 2946 1429 3013 tempus.

398 3042 507 3095 Gaudia
525 3041 565 3095 ibi
583 3038 725 3110 paschalia
742 3056 804 3092 curn
824 3053 888 3106 rege
909 3034 1059 3089 Godefrido
1077 3033 1260 3086 celebrarunt.

334 3165 359 3233 1)
379 3163 440 3218 Alb.
460 3163 512 3232 Aq.
530 3161 595 3216 Vll.
615 3163 646 3214 7:
666 3160 839 3230 Dagobertns
862 3157 925 3211 duci
948 3158 1045 3226 gratus
1067 3156 1096 3208 et
1119 3153 1235 3208 dilectus
1262 3151 1321 3204 fieri
1338 3153 1429 3220 coepit

263 3250 411 3305 collatione
428 3249 520 3319 potius
539 3248 683 3318 pecuniae,
702 3265 785 3315 quam
804 3243 952 3300 dilectione
972 3241 1104 3298 ecclesiae
1124 3271 1155 3300 -,
1174 3240 1347 3293 inardescens
1363 3255 1428 3292 uva-

263 3338 329 3392 ritia
348 3367 379 3376 -
395 3336 587 3390 Boamundum
600 3332 823 3400 Balduinumque
833 3346 1018 3400 corrumpens,
1030 3327 1177 3384 Godel'rido
1188 3326 1300 3380 arietem
1314 3341 1427 3377 aureum

262 3427 291 3479 et
309 3427 402 3479 cetera
421 3441 536 3476 munera
552 3422 671 3476 contulit
688 3420 780 3489 sicque
800 3417 1005 3487 patriarchatus
1023 3417 1125 3470 honore
1143 3413 1308 3466 sublimatus
1326 3412 1375 3464 est.

332 3547 359 3614 2)
377 3545 455 3599 Will.
471 3545 527 3614 Tyr
538 3544 645 3598 ,1x.15:
665 3542 821 3611 assignatae
840 3538 905 3592 sunt
921 3537 1033 3590 domino
1050 3533 1224 3602 patriarchae
1242 3530 1427 3600 possessiones,

263 3637 321 3688 tam
340 3633 420 3697 illae,
444 3650 514 3700 quas
528 3634 653 3700 tempore
676 3627 824 3698 gentilium
844 3642 958 3694 graecus
981 3623 1117 3676 habuerat
1142 3619 1313 3688 patriarcha,
1344 3633 1428 3684 quam

264 3721 400 3788 quaedam
420 3721 551 3790 erogatae
571 3719 605 3772 de
623 3733 710 3780 novo,
737 3715 770 3768 ut
793 3713 910 3768 haberet
937 3709 1009 3762 unde
1027 3705 1181 3761 sustentari
1206 3705 1318 3759 honeste
1337 3705 1428 3772 posset

264 3809 361 3862 domus
377 3805 581 3876 patriarchalis.

298 3929 375 3984 Will.
394 3929 457 3998 Tyr.
479 3929 525 3982 IX.
547 3928 590 3981 16:
616 3924 750 3991 Quartam
776 3921 884 3991 partem
908 3919 995 3987 Joppe
1020 3914 1171 3985 resignavit
1195 3910 1380 3979 (Godefridus)
1398 3909 1427 3962 in

264 4018 309 4071 die
332 4016 532 4088 purificationis
553 4014 651 4068 beatae
676 4010 780 4064 Mariae
800 4006 929 4062 ecclesiae
948 4005 1059 4058 sanctae
1077 3998 1291 4056 resurrectionis.
1328 3998 1427 4051 Postea

264 4107 308 4160 die
327 4107 421 4160 sancto
440 4100 631 4169 subsequentis
652 4097 771 4152 Paschae
795 4094 890 4147 urbem
915 4090 1135 4158 Hierosolymam
1159 4104 1220 4139 cunr
1243 4084 1314 4137 turri
1337 4083 1426 4137 David

265 4197 293 4248 et
312 4193 447 4246 universis
467 4190 526 4259 ejus
541 4185 717 4257 pertinentiis
735 4183 763 4236 in
782 4197 866 4235 mann
885 4177 990 4231 domini
1008 4174 1179 4245 patriarchae
1199 4170 1358 4241 resignarit.
