<?xml version="1.0" encoding="UTF-8"?>
<!DOCTYPE html PUBLIC "-//W3C//DTD XHTML 1.0 Transitional//EN"
    "http://www.w3.org/TR/xhtml1/DTD/xhtml1-transitional.dtd">
<html xmlns="http://www.w3.org/1999/xhtml" xml:lang="en" lang="en">
 <head>
  <title>
</title>
<meta http-equiv="Content-Type" content="text/html;charset=utf-8" />
  <meta name='ocr-system' content='tesseract 3.04.00' />
  <meta name='ocr-capabilities' content='ocr_page ocr_carea ocr_par ocr_line ocrx_word'/>
</head>
<body>
  <div class='ocr_page' id='page_1' title='image "./vitagodefridibu00beyegoog_0047.png"; bbox 0 0 3138 4912; ppageno 0'>
   <div class='ocr_carea' id='block_1_1' title="bbox 248 336 1417 1510">
    <p class='ocr_par' dir='ltr' id='par_1_1' title="bbox 248 336 1416 710">
     <span class='ocr_line' id='line_1_1' title="bbox 813 336 853 395; baseline 0.025 -1"><span class='ocrx_word' id='word_1_1' title='bbox 813 336 853 395; x_wconf 81' lang='lat' dir='ltr'>lo</span> 
     </span>
     <span class='ocr_line' id='line_1_2' title="bbox 248 529 1416 618; baseline -0.003 -22"><span class='ocrx_word' id='word_1_2' title='bbox 248 537 372 612; x_wconf 83' lang='lat' dir='ltr'>portem</span> <span class='ocrx_word' id='word_1_3' title='bbox 396 531 481 595; x_wconf 88' lang='lat' dir='ltr'>canis</span> <span class='ocrx_word' id='word_1_4' title='bbox 504 530 534 592; x_wconf 92' lang='lat' dir='ltr'>in</span> <span class='ocrx_word' id='word_1_5' title='bbox 557 535 649 618; x_wconf 88' lang='lat' dir='ltr'>purte</span> <span class='ocrx_word' id='word_1_6' title='bbox 672 531 918 610; x_wconf 78' lang='lat' dir='ltr'>septentrionali,</span> <span class='ocrx_word' id='word_1_7' title='bbox 940 536 1063 611; x_wconf 85' lang='lat' dir='ltr'>portam</span> <span class='ocrx_word' id='word_1_8' title='bbox 1089 532 1134 596; x_wconf 87' lang='lat' dir='ltr'>St.</span> <span class='ocrx_word' id='word_1_9' title='bbox 1160 529 1245 594; x_wconf 82' lang='lat' dir='ltr'>Pauli</span> <span class='ocrx_word' id='word_1_10' title='bbox 1270 531 1300 593; x_wconf 93' lang='lat' dir='ltr'>in</span> <span class='ocrx_word' id='word_1_11' title='bbox 1325 535 1416 610; x_wconf 85' lang='lat' dir='ltr'>parte</span> 
     </span>
     <span class='ocr_line' id='line_1_3' title="bbox 249 625 1375 710; baseline -0.002 -16"><span class='ocrx_word' id='word_1_12' title='bbox 249 632 406 696; x_wconf 77' lang='lat' dir='ltr'>orientali.</span> <span class='ocrx_word' id='word_1_13' title='bbox 450 631 530 694; x_wconf 86' lang='lat' dir='ltr'>Pars</span> <span class='ocrx_word' id='word_1_14' title='bbox 553 630 700 693; x_wconf 81' lang='lat' dir='ltr'>australis</span> <span class='ocrx_word' id='word_1_15' title='bbox 724 631 841 694; x_wconf 91' lang='lat' dir='ltr'>nullum</span> <span class='ocrx_word' id='word_1_16' title='bbox 865 631 1001 695; x_wconf 82' lang='lat' dir='ltr'>habebut</span> <span class='ocrx_word' id='word_1_17' title='bbox 1024 632 1139 695; x_wconf 87' lang='lat' dir='ltr'>exitum</span> <span class='ocrx_word' id='word_1_18' title='bbox 1164 649 1219 698; x_wconf 87' lang='lat' dir='ltr'>uec</span> <span class='ocrx_word' id='word_1_19' title='bbox 1241 625 1375 710; x_wconf 83' lang='lat' dir='ltr'>portem.</span> 
     </span>
    </p>

    <p class='ocr_par' dir='ltr' id='par_1_2' title="bbox 249 729 1416 1108">
     <span class='ocr_line' id='line_1_4' title="bbox 331 729 1416 812; baseline -0.003 -17"><span class='ocrx_word' id='word_1_20' title='bbox 331 731 502 811; x_wconf 84' lang='lat' dir='ltr'>Postquam</span> <span class='ocrx_word' id='word_1_21' title='bbox 538 729 693 810; x_wconf 74' lang='lat' dir='ltr'>principes</span> <span class='ocrx_word' id='word_1_22' title='bbox 733 730 763 792; x_wconf 93' lang='lat' dir='ltr'>in</span> <span class='ocrx_word' id='word_1_23' title='bbox 804 731 962 794; x_wconf 89' lang='lat' dir='ltr'>consilium</span> <span class='ocrx_word' id='word_1_24' title='bbox 1003 732 1119 812; x_wconf 89' lang='lat' dir='ltr'>ierunt,</span> <span class='ocrx_word' id='word_1_25' title='bbox 1158 737 1263 795; x_wconf 90' lang='lat' dir='ltr'>utrum</span> <span class='ocrx_word' id='word_1_26' title='bbox 1296 729 1416 794; x_wconf 91' lang='lat' dir='ltr'>obsidio</span> 
     </span>
     <span class='ocr_line' id='line_1_5' title="bbox 250 828 1416 912; baseline -0.002 -18"><span class='ocrx_word' id='word_1_27' title='bbox 250 831 360 894; x_wconf 82' lang='lat' dir='ltr'>stetim</span> <span class='ocrx_word' id='word_1_28' title='bbox 383 835 467 894; x_wconf 89' lang='lat' dir='ltr'>esset</span> <span class='ocrx_word' id='word_1_29' title='bbox 490 828 668 910; x_wconf 82' lang='lat' dir='ltr'>efficienda,</span> <span class='ocrx_word' id='word_1_30' title='bbox 698 849 736 892; x_wconf 87' lang='lat' dir='ltr'>au</span> <span class='ocrx_word' id='word_1_31' title='bbox 761 831 859 893; x_wconf 83' lang='lat' dir='ltr'>Alexii</span> <span class='ocrx_word' id='word_1_32' title='bbox 893 831 1092 912; x_wconf 83' lang='lat' dir='ltr'>imperatoris</span> <span class='ocrx_word' id='word_1_33' title='bbox 1122 831 1289 894; x_wconf 82' lang='lat' dir='ltr'>auxiliares</span> <span class='ocrx_word' id='word_1_34' title='bbox 1313 835 1416 894; x_wconf 84' lang='lat' dir='ltr'>essent</span> 
     </span>
     <span class='ocr_line' id='line_1_6' title="bbox 250 923 1416 1012; baseline -0.002 -17"><span class='ocrx_word' id='word_1_35' title='bbox 250 923 452 1012; x_wconf 82' lang='lat' dir='ltr'>exspectandi</span> <span class='ocrx_word' id='word_1_36' title='bbox 475 947 511 992; x_wconf 85' lang='lat' dir='ltr'>uc</span> <span class='ocrx_word' id='word_1_37' title='bbox 535 935 659 1008; x_wconf 87' lang='lat' dir='ltr'>tempus</span> <span class='ocrx_word' id='word_1_38' title='bbox 682 931 853 1009; x_wconf 85' lang='lat' dir='ltr'>aestivum,</span> <span class='ocrx_word' id='word_1_39' title='bbox 877 930 965 996; x_wconf 90' lang='lat' dir='ltr'>urbis</span> <span class='ocrx_word' id='word_1_40' title='bbox 987 932 1094 996; x_wconf 85' lang='lat' dir='ltr'>statim</span> <span class='ocrx_word' id='word_1_41' title='bbox 1118 931 1307 995; x_wconf 77' lang='lat' dir='ltr'>obsidendae</span> <span class='ocrx_word' id='word_1_42' title='bbox 1327 949 1416 1012; x_wconf 90' lang='lat' dir='ltr'>cepe-</span> 
     </span>
     <span class='ocr_line' id='line_1_7' title="bbox 249 1027 563 1108; baseline -0.01 -14"><span class='ocrx_word' id='word_1_43' title='bbox 249 1037 325 1094; x_wconf 90' lang='lat' dir='ltr'>runt</span> <span class='ocrx_word' id='word_1_44' title='bbox 346 1029 506 1094; x_wconf 90' lang='lat' dir='ltr'>consilium</span> <span class='ocrx_word' id='word_1_45' title='bbox 523 1027 563 1108; x_wconf 83' lang='lat'>¹).</span> 
     </span>
    </p>

    <p class='ocr_par' dir='ltr' id='par_1_3' title="bbox 251 1126 1417 1510">
     <span class='ocr_line' id='line_1_8' title="bbox 336 1126 1416 1210; baseline 0 -17"><span class='ocrx_word' id='word_1_46' title='bbox 336 1129 385 1194; x_wconf 81' lang='lat' dir='ltr'>Sic</span> <span class='ocrx_word' id='word_1_47' title='bbox 416 1133 525 1210; x_wconf 83' lang='lat' dir='ltr'>coepte</span> <span class='ocrx_word' id='word_1_48' title='bbox 554 1133 603 1190; x_wconf 91' lang='lat' dir='ltr'>est</span> <span class='ocrx_word' id='word_1_49' title='bbox 631 1127 705 1190; x_wconf 93' lang='lat' dir='ltr'>urbs</span> <span class='ocrx_word' id='word_1_50' title='bbox 734 1126 870 1192; x_wconf 85' lang='lat' dir='ltr'>obsideri</span> <span class='ocrx_word' id='word_1_51' title='bbox 901 1129 939 1192; x_wconf 85' lang='lat' dir='ltr'>ad</span> <span class='ocrx_word' id='word_1_52' title='bbox 971 1128 1051 1193; x_wconf 90' lang='lat' dir='ltr'>diem</span> <span class='ocrx_word' id='word_1_53' title='bbox 1089 1131 1266 1194; x_wconf 89' lang='lat' dir='ltr'>vicesimum</span> <span class='ocrx_word' id='word_1_54' title='bbox 1301 1131 1416 1195; x_wconf 91' lang='lat' dir='ltr'>mensis</span> 
     </span>
     <span class='ocr_line' id='line_1_9' title="bbox 252 1209 1416 1309; baseline 0.001 -15"><span class='ocrx_word' id='word_1_55' title='bbox 252 1230 448 1308; x_wconf 67' lang='lat' dir='ltr'>eorumne).</span> <span class='ocrx_word' id='word_1_56' title='bbox 472 1227 598 1292; x_wconf 82' lang='lat' dir='ltr'>Portam</span> <span class='ocrx_word' id='word_1_57' title='bbox 622 1227 668 1290; x_wconf 88' lang='lat' dir='ltr'>St.</span> <span class='ocrx_word' id='word_1_58' title='bbox 692 1226 779 1290; x_wconf 82' lang='lat' dir='ltr'>Pauli</span> <span class='ocrx_word' id='word_1_59' title='bbox 810 1227 955 1292; x_wconf 88' lang='lat' dir='ltr'>obsident</span> <span class='ocrx_word' id='word_1_60' title='bbox 977 1209 1196 1308; x_wconf 69' lang='lat' dir='ltr'>Boemundus⁷</span> <span class='ocrx_word' id='word_1_61' title='bbox 1226 1229 1416 1309; x_wconf 74' lang='lat' dir='ltr'>Toncredus</span> 
     </span>
     <span class='ocr_line' id='line_1_10' title="bbox 251 1327 1417 1410; baseline 0.001 -17"><span class='ocrx_word' id='word_1_62' title='bbox 251 1330 344 1409; x_wconf 79' lang='lat' dir='ltr'>Hugo</span> <span class='ocrx_word' id='word_1_63' title='bbox 374 1329 528 1408; x_wconf 81' lang='lat' dir='ltr'>Magnus,</span> <span class='ocrx_word' id='word_1_64' title='bbox 560 1327 716 1391; x_wconf 88' lang='lat' dir='ltr'>Robertos</span> <span class='ocrx_word' id='word_1_65' title='bbox 739 1327 940 1392; x_wconf 87' lang='lat' dir='ltr'>Normannus</span> <span class='ocrx_word' id='word_1_66' title='bbox 972 1336 1004 1394; x_wconf 85' lang='lat' dir='ltr'>et</span> <span class='ocrx_word' id='word_1_67' title='bbox 1028 1329 1182 1392; x_wconf 88' lang='lat' dir='ltr'>Robertos</span> <span class='ocrx_word' id='word_1_68' title='bbox 1204 1329 1417 1410; x_wconf 83' lang='lat' dir='ltr'>Flamlrensis,</span> 
     </span>
     <span class='ocr_line' id='line_1_11' title="bbox 251 1415 1416 1510; baseline 0.001 -17"><span class='ocrx_word' id='word_1_69' title='bbox 251 1437 376 1510; x_wconf 88' lang='lat' dir='ltr'>portem</span> <span class='ocrx_word' id='word_1_70' title='bbox 400 1429 485 1492; x_wconf 83' lang='lat' dir='ltr'>cenis</span> <span class='ocrx_word' id='word_1_71' title='bbox 507 1427 701 1492; x_wconf 84' lang='lat' dir='ltr'>Relrnuudus</span> <span class='ocrx_word' id='word_1_72' title='bbox 723 1435 755 1491; x_wconf 88' lang='lat' dir='ltr'>ot</span> <span class='ocrx_word' id='word_1_73' title='bbox 777 1428 958 1508; x_wconf 71' lang='lat' dir='ltr'>Ademerus</span> <span class='ocrx_word' id='word_1_74' title='bbox 982 1435 1103 1508; x_wconf 81' lang='lat' dir='ltr'>portam</span> <span class='ocrx_word' id='word_1_75' title='bbox 1127 1415 1212 1494; x_wconf 85' lang='lat' dir='ltr'>ducis</span> <span class='ocrx_word' id='word_1_76' title='bbox 1228 1430 1416 1504; x_wconf 79' lang='lat' dir='ltr'>(lodefridus</span> 
     </span>
    </p>
   </div>
   <div class='ocr_carea' id='block_1_2' title="bbox 137 1528 1519 1708">
    <p class='ocr_par' dir='ltr' id='par_1_4' title="bbox 137 1528 1519 1708">
     <span class='ocr_line' id='line_1_12' title="bbox 252 1528 1519 1626; baseline -0.002 -32"><span class='ocrx_word' id='word_1_77' title='bbox 252 1531 323 1594; x_wconf 82' lang='lat' dir='ltr'>dux,</span> <span class='ocrx_word' id='word_1_78' title='bbox 366 1528 538 1592; x_wconf 87' lang='lat' dir='ltr'>Obsidione</span> <span class='ocrx_word' id='word_1_79' title='bbox 561 1534 673 1590; x_wconf 82' lang='lat' dir='ltr'>necant</span> <span class='ocrx_word' id='word_1_80' title='bbox 686 1535 787 1626; x_wconf 77' lang='lat' dir='ltr'>¹porta</span> <span class='ocrx_word' id='word_1_81' title='bbox 809 1529 1030 1610; x_wconf 85' lang='lat' dir='ltr'>pontisatque</span> <span class='ocrx_word' id='word_1_82' title='bbox 1053 1529 1139 1592; x_wconf 92' lang='lat' dir='ltr'>urbis</span> <span class='ocrx_word' id='word_1_83' title='bbox 1160 1535 1228 1596; x_wconf 83' lang='lat' dir='ltr'>tote</span> <span class='ocrx_word' id='word_1_84' title='bbox 1249 1549 1323 1610; x_wconf 86' lang='lat' dir='ltr'>pars</span> <span class='ocrx_word' id='word_1_85' title='bbox 1338 1531 1416 1596; x_wconf 86' lang='lat' dir='ltr'>occi·</span> <span class='ocrx_word' id='word_1_86' title='bbox 1516 1529 1519 1534; x_wconf 54' lang='lat'><strong>⁴</strong></span> 
     </span>
     <span class='ocr_line' id='line_1_13' title="bbox 137 1628 680 1708; baseline 0.006 -19"><span class='ocrx_word' id='word_1_87' title='bbox 137 1682 140 1689; x_wconf 94' lang='lat'><em>.</em></span> <span class='ocrx_word' id='word_1_88' title='bbox 253 1629 389 1693; x_wconf 85' lang='lat' dir='ltr'>dentalis</span> <span class='ocrx_word' id='word_1_89' title='bbox 412 1628 680 1708; x_wconf 50' lang='lat' dir='ltr'>australisqueil..</span> 
     </span>
    </p>
   </div>
   <div class='ocr_carea' id='block_1_3' title="bbox 170 1725 1417 2509">
    <p class='ocr_par' dir='ltr' id='par_1_5' title="bbox 170 1725 1417 2509">
     <span class='ocr_line' id='line_1_14' title="bbox 336 1725 1417 1809; baseline 0 -17"><span class='ocrx_word' id='word_1_90' title='bbox 336 1729 412 1792; x_wconf 93' lang='lat' dir='ltr'>Urbi</span> <span class='ocrx_word' id='word_1_91' title='bbox 447 1733 537 1795; x_wconf 86' lang='lat' dir='ltr'>erunt</span> <span class='ocrx_word' id='word_1_92' title='bbox 571 1726 728 1808; x_wconf 81' lang='lat' dir='ltr'>praesidio</span> <span class='ocrx_word' id='word_1_93' title='bbox 755 1725 797 1788; x_wconf 86' lang='lat' dir='ltr'>ed</span> <span class='ocrx_word' id='word_1_94' title='bbox 825 1726 957 1790; x_wconf 86' lang='lat' dir='ltr'>sedecim</span> <span class='ocrx_word' id='word_1_95' title='bbox 995 1728 1043 1792; x_wconf 88' lang='lat' dir='ltr'>vel</span> <span class='ocrx_word' id='word_1_96' title='bbox 1075 1729 1285 1809; x_wconf 82' lang='lat' dir='ltr'>septendecim</span> <span class='ocrx_word' id='word_1_97' title='bbox 1323 1729 1417 1794; x_wconf 87' lang='lat' dir='ltr'>millia</span> 
     </span>
     <span class='ocr_line' id='line_1_15' title="bbox 252 1826 1417 1910; baseline -0.002 -17"><span class='ocrx_word' id='word_1_98' title='bbox 252 1829 434 1910; x_wconf 78' lang='lat' dir='ltr'>militum⁴).</span> <span class='ocrx_word' id='word_1_99' title='bbox 485 1827 621 1890; x_wconf 89' lang='lat' dir='ltr'>Militum</span> <span class='ocrx_word' id='word_1_100' title='bbox 641 1826 883 1890; x_wconf 82' lang='lat' dir='ltr'>christianorum</span> <span class='ocrx_word' id='word_1_101' title='bbox 907 1845 1054 1892; x_wconf 89' lang='lat' dir='ltr'>numerus</span> <span class='ocrx_word' id='word_1_102' title='bbox 1084 1828 1123 1892; x_wconf 85' lang='lat' dir='ltr'>ed</span> <span class='ocrx_word' id='word_1_103' title='bbox 1148 1836 1286 1894; x_wconf 82' lang='lat' dir='ltr'>trecenta</span> <span class='ocrx_word' id='word_1_104' title='bbox 1309 1829 1417 1910; x_wconf 83' lang='lat' dir='ltr'>millia,</span> 
     </span>
     <span class='ocr_line' id='line_1_16' title="bbox 253 1925 1417 2012; baseline 0.002 -22"><span class='ocrx_word' id='word_1_105' title='bbox 253 1929 389 2009; x_wconf 84' lang='lat' dir='ltr'>exceptis</span> <span class='ocrx_word' id='word_1_106' title='bbox 410 1926 592 1992; x_wconf 89' lang='lat' dir='ltr'>mulieribus</span> <span class='ocrx_word' id='word_1_107' title='bbox 611 1944 647 1989; x_wconf 84' lang='lat' dir='ltr'>ac</span> <span class='ocrx_word' id='word_1_108' title='bbox 663 1925 811 2007; x_wconf 79' lang='lat' dir='ltr'>parvulis,</span> <span class='ocrx_word' id='word_1_109' title='bbox 833 1925 929 1990; x_wconf 74' lang='lat' dir='ltr'>fuisse</span> <span class='ocrx_word' id='word_1_110' title='bbox 947 1934 1097 1993; x_wconf 82' lang='lat' dir='ltr'>narratur</span> <span class='ocrx_word' id='word_1_111' title='bbox 1109 1928 1150 2012; x_wconf 81' lang='lat'>⁵).</span> <span class='ocrx_word' id='word_1_112' title='bbox 1193 1931 1269 2010; x_wconf 84' lang='lat' dir='ltr'>Bogi</span> <span class='ocrx_word' id='word_1_113' title='bbox 1285 1929 1417 2010; x_wconf 79' lang='lat' dir='ltr'>SijenuS,</span> 
     </span>
     <span class='ocr_line' id='line_1_17' title="bbox 170 2026 1416 2110; baseline 0.001 -17"><span class='ocrx_word' id='word_1_114' title='bbox 170 2074 173 2080; x_wconf 83' lang='lat'>·</span> <span class='ocrx_word' id='word_1_115' title='bbox 253 2029 337 2094; x_wconf 90' lang='lat' dir='ltr'>urbis</span> <span class='ocrx_word' id='word_1_116' title='bbox 353 2029 505 2109; x_wconf 84' lang='lat' dir='ltr'>princeps,</span> <span class='ocrx_word' id='word_1_117' title='bbox 529 2026 671 2092; x_wconf 89' lang='lat' dir='ltr'>omuibus</span> <span class='ocrx_word' id='word_1_118' title='bbox 695 2026 788 2090; x_wconf 89' lang='lat' dir='ltr'>rebus</span> <span class='ocrx_word' id='word_1_119' title='bbox 811 2026 850 2090; x_wconf 87' lang='lat' dir='ltr'>ad</span> <span class='ocrx_word' id='word_1_120' title='bbox 875 2027 968 2092; x_wconf 87' lang='lat' dir='ltr'>vitam</span> <span class='ocrx_word' id='word_1_121' title='bbox 991 2031 1173 2094; x_wconf 82' lang='lat' dir='ltr'>necessariis</span> <span class='ocrx_word' id='word_1_122' title='bbox 1190 2030 1260 2094; x_wconf 88' lang='lat' dir='ltr'>urbi</span> <span class='ocrx_word' id='word_1_123' title='bbox 1274 2031 1416 2110; x_wconf 78' lang='lat' dir='ltr'>prouisis,</span> 
     </span>
     <span class='ocr_line' id='line_1_18' title="bbox 253 2127 1415 2211; baseline 0.003 -20"><span class='ocrx_word' id='word_1_124' title='bbox 253 2129 410 2208; x_wconf 81' lang='lat' dir='ltr'>regionem</span> <span class='ocrx_word' id='word_1_125' title='bbox 434 2127 619 2203; x_wconf 83' lang='lat' dir='ltr'>universam,</span> <span class='ocrx_word' id='word_1_126' title='bbox 643 2131 794 2207; x_wconf 85' lang='lat' dir='ltr'>quantum</span> <span class='ocrx_word' id='word_1_127' title='bbox 818 2133 955 2207; x_wconf 74' lang='lat' dir='ltr'>poteret,</span> <span class='ocrx_word' id='word_1_128' title='bbox 976 2129 1254 2211; x_wconf 52' lang='lat' dir='ltr'>‚devesteveretq⁸</span> <span class='ocrx_word' id='word_1_129' title='bbox 1299 2129 1415 2194; x_wconf 84' lang='lat' dir='ltr'>Temen</span> 
     </span>
     <span class='ocr_line' id='line_1_19' title="bbox 213 2226 1414 2314; baseline -0.003 -21"><span class='ocrx_word' id='word_1_130' title='bbox 213 2247 216 2254; x_wconf 60' lang='lat'><em>⁴</em></span> <span class='ocrx_word' id='word_1_131' title='bbox 253 2228 412 2294; x_wconf 84' lang='lat' dir='ltr'>christiani</span> <span class='ocrx_word' id='word_1_132' title='bbox 437 2227 539 2308; x_wconf 89' lang='lat' dir='ltr'>primo</span> <span class='ocrx_word' id='word_1_133' title='bbox 569 2226 740 2314; x_wconf 88' lang='lat' dir='ltr'>obsidionis</span> <span class='ocrx_word' id='word_1_134' title='bbox 768 2232 909 2306; x_wconf 92' lang='lat' dir='ltr'>tempore</span> <span class='ocrx_word' id='word_1_135' title='bbox 945 2233 1035 2292; x_wconf 83' lang='lat' dir='ltr'>tanta</span> <span class='ocrx_word' id='word_1_136' title='bbox 1067 2230 1166 2292; x_wconf 85' lang='lat' dir='ltr'>victus</span> <span class='ocrx_word' id='word_1_137' title='bbox 1203 2230 1289 2310; x_wconf 86' lang='lat' dir='ltr'>copia</span> <span class='ocrx_word' id='word_1_138' title='bbox 1319 2227 1414 2290; x_wconf 86' lang='lat' dir='ltr'>ebun-</span> 
     </span>
     <span class='ocr_line' id='line_1_20' title="bbox 253 2325 1415 2410; baseline -0.003 -18"><span class='ocrx_word' id='word_1_139' title='bbox 253 2326 391 2410; x_wconf 80' lang='lat' dir='ltr'>daut²),</span> <span class='ocrx_word' id='word_1_140' title='bbox 422 2333 464 2392; x_wconf 90' lang='lat' dir='ltr'>ut·</span> <span class='ocrx_word' id='word_1_141' title='bbox 485 2327 585 2392; x_wconf 88' lang='lat' dir='ltr'>securi</span> <span class='ocrx_word' id='word_1_142' title='bbox 617 2325 656 2390; x_wconf 90' lang='lat' dir='ltr'>de</span> <span class='ocrx_word' id='word_1_143' title='bbox 678 2326 783 2407; x_wconf 84' lang='lat' dir='ltr'>inopia</span> <span class='ocrx_word' id='word_1_144' title='bbox 805 2337 888 2392; x_wconf 88' lang='lat' dir='ltr'>certe</span> <span class='ocrx_word' id='word_1_145' title='bbox 918 2329 1126 2408; x_wconf 86' lang='lat' dir='ltr'>exspectando</span> <span class='ocrx_word' id='word_1_146' title='bbox 1150 2329 1257 2391; x_wconf 84' lang='lat' dir='ltr'>vivent</span> <span class='ocrx_word' id='word_1_147' title='bbox 1278 2327 1415 2392; x_wconf 85' lang='lat' dir='ltr'>luxurio-</span> 
     </span>
     <span class='ocr_line' id='line_1_21' title="bbox 252 2426 1415 2509; baseline -0.003 -17"><span class='ocrx_word' id='word_1_148' title='bbox 252 2427 510 2509; x_wconf 66' lang='lat' dir='ltr'>sissimesssagi</span> <span class='ocrx_word' id='word_1_149' title='bbox 540 2426 664 2506; x_wconf 83' lang='lat' dir='ltr'>Sijonus</span> <span class='ocrx_word' id='word_1_150' title='bbox 695 2444 786 2506; x_wconf 86' lang='lat' dir='ltr'>quum</span> <span class='ocrx_word' id='word_1_151' title='bbox 816 2426 937 2507; x_wconf 83' lang='lat' dir='ltr'>videet,</span> <span class='ocrx_word' id='word_1_152' title='bbox 974 2427 1160 2492; x_wconf 84' lang='lat' dir='ltr'>christianos</span> <span class='ocrx_word' id='word_1_153' title='bbox 1189 2426 1228 2490; x_wconf 84' lang='lat' dir='ltr'>ad</span> <span class='ocrx_word' id='word_1_154' title='bbox 1266 2428 1415 2507; x_wconf 90' lang='lat' dir='ltr'>impetum</span> 
     </span>
    </p>
   </div>
   <div class='ocr_carea' id='block_1_4' title="bbox 82 2521 1416 2608">
    <p class='ocr_par' dir='ltr' id='par_1_6' title="bbox 82 2521 1416 2608">
     <span class='ocr_line' id='line_1_22' title="bbox 82 2521 1416 2608; baseline -0.001 -16"><span class='ocrx_word' id='word_1_155' title='bbox 82 2558 84 2562; x_wconf 47' lang='lat'><strong><em>¹</em></strong></span> <span class='ocrx_word' id='word_1_156' title='bbox 137 2526 175 2582; x_wconf 85' lang='grc'>.’</span> <span class='ocrx_word' id='word_1_157' title='bbox 252 2527 427 2592; x_wconf 88' lang='lat' dir='ltr'>laciendum</span> <span class='ocrx_word' id='word_1_158' title='bbox 450 2526 558 2590; x_wconf 85' lang='lat' dir='ltr'>tardos</span> <span class='ocrx_word' id='word_1_159' title='bbox 580 2544 662 2604; x_wconf 85' lang='lat' dir='ltr'>esse,</span> <span class='ocrx_word' id='word_1_160' title='bbox 692 2527 872 2606; x_wconf 89' lang='lat' dir='ltr'>eruptiones</span> <span class='ocrx_word' id='word_1_161' title='bbox 891 2545 946 2608; x_wconf 86' lang='lat' dir='ltr'>per</span> <span class='ocrx_word' id='word_1_162' title='bbox 965 2532 1087 2608; x_wconf 80' lang='lat' dir='ltr'>portam</span> <span class='ocrx_word' id='word_1_163' title='bbox 1109 2527 1214 2606; x_wconf 87' lang='lat' dir='ltr'>pontis</span> <span class='ocrx_word' id='word_1_164' title='bbox 1238 2521 1416 2607; x_wconf 57' lang='lat' dir='ltr'>et&#39;portom</span> 
     </span>
    </p>
   </div>
   <div class='ocr_carea' id='block_1_5' title="bbox 252 2622 1416 2708">
    <p class='ocr_par' dir='ltr' id='par_1_7' title="bbox 252 2622 1416 2708">
     <span class='ocr_line' id='line_1_23' title="bbox 252 2622 1416 2708; baseline -0.003 -15"><span class='ocrx_word' id='word_1_165' title='bbox 252 2631 337 2693; x_wconf 86' lang='lat' dir='ltr'>cauis</span> <span class='ocrx_word' id='word_1_166' title='bbox 359 2626 562 2707; x_wconf 82' lang='lat' dir='ltr'>quotidianas</span> <span class='ocrx_word' id='word_1_167' title='bbox 583 2625 668 2705; x_wconf 80' lang='lat' dir='ltr'>facit,</span> <span class='ocrx_word' id='word_1_168' title='bbox 685 2631 719 2690; x_wconf 91' lang='lat' dir='ltr'>ut</span> <span class='ocrx_word' id='word_1_169' title='bbox 742 2645 779 2690; x_wconf 88' lang='lat' dir='ltr'>ex</span> <span class='ocrx_word' id='word_1_170' title='bbox 802 2634 934 2706; x_wconf 84' lang='lat' dir='ltr'>utraque</span> <span class='ocrx_word' id='word_1_171' title='bbox 950 2622 1101 2707; x_wconf 85' lang='lat' dir='ltr'>porte‚&#39;ex</span> <span class='ocrx_word' id='word_1_172' title='bbox 1117 2631 1250 2708; x_wconf 87' lang='lat' dir='ltr'>utroquo</span> <span class='ocrx_word' id='word_1_173' title='bbox 1265 2634 1360 2708; x_wconf 87' lang='lat' dir='ltr'>ponte</span> <span class='ocrx_word' id='word_1_174' title='bbox 1383 2633 1416 2690; x_wconf 89' lang='lat' dir='ltr'>et</span> 
     </span>
    </p>
   </div>
   <div class='ocr_carea' id='block_1_6' title="bbox 252 2762 543 2772">
    <p class='ocr_par' dir='ltr' id='par_1_8' title="bbox 252 2762 543 2772">
     <span class='ocr_line' id='line_1_24' title="bbox 252 2762 543 2772; baseline -0.007 0"><span class='ocrx_word' id='word_1_175' title='bbox 252 2762 543 2772; x_wconf 77' lang='lat'><em>..-...-——-——-—·-—-</em></span> 
     </span>
    </p>
   </div>
   <div class='ocr_carea' id='block_1_7' title="bbox 322 2821 687 2893">
    <p class='ocr_par' dir='ltr' id='par_1_9' title="bbox 322 2821 687 2893">
     <span class='ocr_line' id='line_1_25' title="bbox 322 2821 687 2893; baseline -0.005 -15"><span class='ocrx_word' id='word_1_176' title='bbox 322 2821 687 2893; x_wconf 55' lang='lat' dir='ltr'>mmmmm.</span> 
     </span>
    </p>
   </div>
   <div class='ocr_carea' id='block_1_8' title="bbox 322 2883 1367 3082">
    <p class='ocr_par' dir='ltr' id='par_1_10' title="bbox 322 2883 1367 3082">
     <span class='ocr_line' id='line_1_26' title="bbox 322 2883 1105 2996; baseline -0.004 -15"><span class='ocrx_word' id='word_1_177' title='bbox 322 2883 1105 2996; x_wconf 50' lang='lat' dir='ltr'>effimmfflmfflu&#39;</span> 
     </span>
     <span class='ocr_line' id='line_1_27' title="bbox 391 3011 1367 3082; baseline 0 -16"><span class='ocrx_word' id='word_1_178' title='bbox 391 3011 468 3066; x_wconf 92' lang='lat' dir='ltr'>Will.</span> <span class='ocrx_word' id='word_1_179' title='bbox 487 3012 551 3082; x_wconf 82' lang='lat' dir='ltr'>Tyr.</span> <span class='ocrx_word' id='word_1_180' title='bbox 567 3011 615 3066; x_wconf 82' lang='lat' dir='ltr'>IV.</span> <span class='ocrx_word' id='word_1_181' title='bbox 635 3012 683 3065; x_wconf 82' lang='lat'>12:</span> <span class='ocrx_word' id='word_1_182' title='bbox 702 3029 794 3066; x_wconf 87' lang='lat' dir='ltr'>mense</span> <span class='ocrx_word' id='word_1_183' title='bbox 813 3011 932 3077; x_wconf 83' lang='lat' dir='ltr'>Octobri,</span> <span class='ocrx_word' id='word_1_184' title='bbox 951 3013 1049 3067; x_wconf 77' lang='lat' dir='ltr'>octava</span> <span class='ocrx_word' id='word_1_185' title='bbox 1067 3013 1176 3068; x_wconf 81' lang='lat' dir='ltr'>decimo</span> <span class='ocrx_word' id='word_1_186' title='bbox 1195 3013 1240 3069; x_wconf 87' lang='lat' dir='ltr'>die</span> <span class='ocrx_word' id='word_1_187' title='bbox 1258 3013 1367 3068; x_wconf 85' lang='lat' dir='ltr'>mensis.</span> 
     </span>
    </p>
   </div>
   <div class='ocr_carea' id='block_1_9' title="bbox 323 3115 1172 3190">
    <p class='ocr_par' dir='ltr' id='par_1_11' title="bbox 323 3115 1172 3190">
     <span class='ocr_line' id='line_1_28' title="bbox 323 3115 1172 3190; baseline -0.001 -18"><span class='ocrx_word' id='word_1_188' title='bbox 323 3118 350 3187; x_wconf 88' lang='lat'>3)</span> <span class='ocrx_word' id='word_1_189' title='bbox 368 3116 446 3170; x_wconf 88' lang='lat' dir='ltr'>Will.</span> <span class='ocrx_word' id='word_1_190' title='bbox 464 3116 527 3186; x_wconf 80' lang='lat' dir='ltr'>Tyr.</span> <span class='ocrx_word' id='word_1_191' title='bbox 548 3116 595 3169; x_wconf 88' lang='lat' dir='ltr'>IV.</span> <span class='ocrx_word' id='word_1_192' title='bbox 616 3116 656 3168; x_wconf 79' lang='lat'>12.</span> <span class='ocrx_word' id='word_1_193' title='bbox 684 3115 755 3172; x_wconf 71' lang='lat' dir='ltr'>,Alb</span> <span class='ocrx_word' id='word_1_194' title='bbox 772 3115 823 3183; x_wconf 86' lang='lat' dir='ltr'>Aq.</span> <span class='ocrx_word' id='word_1_195' title='bbox 842 3115 891 3190; x_wconf 84' lang='grc' dir='ltr'>ΠΙ.</span> <span class='ocrx_word' id='word_1_196' title='bbox 910 3115 1022 3170; x_wconf 83' lang='lat'><strong>38-39.</strong></span> <span class='ocrx_word' id='word_1_197' title='bbox 1043 3117 1112 3171; x_wconf 83' lang='lat' dir='ltr'>ltad.</span> <span class='ocrx_word' id='word_1_198' title='bbox 1130 3119 1172 3172; x_wconf 82' lang='lat'>49.</span> 
     </span>
    </p>
   </div>
   <div class='ocr_carea' id='block_1_10' title="bbox 192 3208 1419 3551">
    <p class='ocr_par' dir='ltr' id='par_1_12' title="bbox 192 3208 1419 3551">
     <span class='ocr_line' id='line_1_29' title="bbox 321 3208 1419 3290; baseline -0.003 -15"><span class='ocrx_word' id='word_1_199' title='bbox 321 3222 349 3287; x_wconf 74' lang='lat'>4)</span> <span class='ocrx_word' id='word_1_200' title='bbox 372 3221 461 3276; x_wconf 79' lang='lat' dir='ltr'>Raim.</span> <span class='ocrx_word' id='word_1_201' title='bbox 487 3239 513 3290; x_wconf 87' lang='lat' dir='ltr'>p.</span> <span class='ocrx_word' id='word_1_202' title='bbox 534 3220 595 3273; x_wconf 77' lang='lat'>143:</span> <span class='ocrx_word' id='word_1_203' title='bbox 628 3221 709 3272; x_wconf 82' lang='lat' dir='ltr'>erunt</span> <span class='ocrx_word' id='word_1_204' title='bbox 741 3217 770 3270; x_wconf 87' lang='lat' dir='ltr'>in</span> <span class='ocrx_word' id='word_1_205' title='bbox 799 3217 913 3273; x_wconf 76' lang='lat' dir='ltr'>civitate</span> <span class='ocrx_word' id='word_1_206' title='bbox 944 3221 999 3274; x_wconf 90' lang='lat' dir='ltr'>duo</span> <span class='ocrx_word' id='word_1_207' title='bbox 1022 3220 1112 3275; x_wconf 76' lang='lat' dir='ltr'>millis</span> <span class='ocrx_word' id='word_1_208' title='bbox 1137 3208 1242 3290; x_wconf 81' lang='lat' dir='ltr'>optimi</span> <span class='ocrx_word' id='word_1_209' title='bbox 1263 3219 1366 3274; x_wconf 78' lang='lat' dir='ltr'>milites</span> <span class='ocrx_word' id='word_1_210' title='bbox 1390 3220 1419 3273; x_wconf 87' lang='lat' dir='ltr'>et</span> 
     </span>
     <span class='ocr_line' id='line_1_30' title="bbox 254 3304 1419 3384; baseline -0.007 -20"><span class='ocrx_word' id='word_1_211' title='bbox 254 3312 375 3378; x_wconf 86' lang='lat' dir='ltr'>quatuor</span> <span class='ocrx_word' id='word_1_212' title='bbox 403 3309 447 3362; x_wconf 87' lang='lat' dir='ltr'>vol</span> <span class='ocrx_word' id='word_1_213' title='bbox 470 3307 594 3375; x_wconf 85' lang='lat' dir='ltr'>quinque</span> <span class='ocrx_word' id='word_1_214' title='bbox 622 3305 712 3359; x_wconf 79' lang='lat' dir='ltr'>millia</span> <span class='ocrx_word' id='word_1_215' title='bbox 740 3305 862 3358; x_wconf 89' lang='lat' dir='ltr'>militum</span> <span class='ocrx_word' id='word_1_216' title='bbox 886 3307 1078 3384; x_wconf 73' lang='lat' dir='ltr'>gregariorum</span> <span class='ocrx_word' id='word_1_217' title='bbox 1103 3309 1188 3375; x_wconf 78' lang='lat' dir='ltr'>atque</span> <span class='ocrx_word' id='word_1_218' title='bbox 1212 3307 1303 3361; x_wconf 88' lang='lat' dir='ltr'>decern</span> <span class='ocrx_word' id='word_1_219' title='bbox 1331 3304 1419 3358; x_wconf 79' lang='lat' dir='ltr'>millia</span> 
     </span>
     <span class='ocr_line' id='line_1_31' title="bbox 192 3391 1419 3466; baseline -0.007 -15"><span class='ocrx_word' id='word_1_220' title='bbox 192 3394 195 3400; x_wconf 77' lang='grc'>’</span> <span class='ocrx_word' id='word_1_221' title='bbox 255 3395 380 3466; x_wconf 86' lang='lat' dir='ltr'>peditum</span> <span class='ocrx_word' id='word_1_222' title='bbox 400 3396 429 3448; x_wconf 92' lang='lat' dir='ltr'>et</span> <span class='ocrx_word' id='word_1_223' title='bbox 447 3411 478 3448; x_wconf 92' lang='lat' dir='ltr'>eo</span> <span class='ocrx_word' id='word_1_224' title='bbox 496 3392 623 3462; x_wconf 78' lang='lat' dir='ltr'>emplius.</span> <span class='ocrx_word' id='word_1_225' title='bbox 660 3391 704 3445; x_wconf 91' lang='lat' dir='ltr'>W.</span> <span class='ocrx_word' id='word_1_226' title='bbox 721 3391 751 3444; x_wconf 83' lang='lat' dir='ltr'>T.</span> <span class='ocrx_word' id='word_1_227' title='bbox 770 3392 818 3457; x_wconf 83' lang='lat' dir='ltr'>IV,</span> <span class='ocrx_word' id='word_1_228' title='bbox 837 3392 883 3445; x_wconf 86' lang='lat'>11:</span> <span class='ocrx_word' id='word_1_229' title='bbox 903 3411 950 3446; x_wconf 84' lang='lat' dir='ltr'>sex</span> <span class='ocrx_word' id='word_1_230' title='bbox 968 3394 1058 3448; x_wconf 79' lang='lat' dir='ltr'>millio</span> <span class='ocrx_word' id='word_1_231' title='bbox 1075 3393 1201 3462; x_wconf 88' lang='lat' dir='ltr'>equitum</span> <span class='ocrx_word' id='word_1_232' title='bbox 1218 3393 1250 3448; x_wconf 69' lang='lat' dir='ltr'>etv</span> <span class='ocrx_word' id='word_1_233' title='bbox 1264 3392 1419 3462; x_wconf 88' lang='lat' dir='ltr'>quindecim</span> 
     </span>
     <span class='ocr_line' id='line_1_32' title="bbox 254 3479 718 3551; baseline -0.011 -15"><span class='ocrx_word' id='word_1_234' title='bbox 254 3481 498 3551; x_wconf 71' lang='lat' dir='ltr'>millimpeditum.</span> <span class='ocrx_word' id='word_1_235' title='bbox 535 3481 569 3534; x_wconf 86' lang='lat' dir='ltr'>cl&#39;.</span> <span class='ocrx_word' id='word_1_236' title='bbox 587 3479 658 3532; x_wconf 73' lang='lat' dir='ltr'>sad.</span> <span class='ocrx_word' id='word_1_237' title='bbox 677 3481 718 3531; x_wconf 79' lang='lat'>55.</span> 
     </span>
    </p>
   </div>
   <div class='ocr_carea' id='block_1_11' title="bbox 255 3582 1462 4090">
    <p class='ocr_par' dir='ltr' id='par_1_13' title="bbox 255 3582 1462 4090">
     <span class='ocr_line' id='line_1_33' title="bbox 324 3582 1420 3654; baseline -0.002 -15"><span class='ocrx_word' id='word_1_238' title='bbox 324 3588 350 3654; x_wconf 68' lang='lat'>5}</span> <span class='ocrx_word' id='word_1_239' title='bbox 368 3585 499 3639; x_wconf 86' lang='lat' dir='ltr'>Albertus</span> <span class='ocrx_word' id='word_1_240' title='bbox 514 3583 565 3651; x_wconf 86' lang='lat' dir='ltr'>Aq.</span> <span class='ocrx_word' id='word_1_241' title='bbox 580 3582 641 3654; x_wconf 87' lang='lat' dir='ltr'><strong>(III,</strong></span> <span class='ocrx_word' id='word_1_242' title='bbox 655 3582 700 3650; x_wconf 82' lang='lat'>37)</span> <span class='ocrx_word' id='word_1_243' title='bbox 718 3597 866 3634; x_wconf 88' lang='lat' dir='ltr'>numerum</span> <span class='ocrx_word' id='word_1_244' title='bbox 880 3582 964 3636; x_wconf 80' lang='lat' dir='ltr'>refert</span> <span class='ocrx_word' id='word_1_245' title='bbox 977 3583 1123 3652; x_wconf 88' lang='lat' dir='ltr'>duplicem.</span> <span class='ocrx_word' id='word_1_246' title='bbox 1159 3585 1275 3638; x_wconf 86' lang='lat' dir='ltr'>Kemal.:</span> <span class='ocrx_word' id='word_1_247' title='bbox 1295 3585 1420 3640; x_wconf 80' lang='lat' dir='ltr'>trecenta</span> 
     </span>
     <span class='ocr_line' id='line_1_34' title="bbox 255 3660 634 3742; baseline -0.016 -14"><span class='ocrx_word' id='word_1_248' title='bbox 255 3677 283 3729; x_wconf 90' lang='lat' dir='ltr'>et</span> <span class='ocrx_word' id='word_1_249' title='bbox 303 3671 404 3742; x_wconf 85' lang='lat' dir='ltr'>viginti</span> <span class='ocrx_word' id='word_1_250' title='bbox 419 3660 518 3724; x_wconf 79' lang='lat' dir='ltr'>¹millia¹</span> <span class='ocrx_word' id='word_1_251' title='bbox 632 3725 634 3730; x_wconf 15' lang='grc' dir='ltr'><em>Α</em></span> 
     </span>
     <span class='ocr_line' id='line_1_35' title="bbox 293 3753 822 3826; baseline -0.011 -14"><span class='ocrx_word' id='word_1_252' title='bbox 293 3798 296 3802; x_wconf 94' lang='grc'>-</span> <span class='ocrx_word' id='word_1_253' title='bbox 339 3756 512 3826; x_wconf 48' lang='lat' dir='ltr'>‚W.T.1V,</span> <span class='ocrx_word' id='word_1_254' title='bbox 533 3757 573 3808; x_wconf 82' lang='lat'>12.</span> <span class='ocrx_word' id='word_1_255' title='bbox 609 3753 699 3808; x_wconf 79' lang='lat' dir='ltr'>Raim.</span> <span class='ocrx_word' id='word_1_256' title='bbox 718 3773 744 3824; x_wconf 87' lang='lat' dir='ltr'>p.</span> <span class='ocrx_word' id='word_1_257' title='bbox 765 3755 822 3806; x_wconf 84' lang='lat'>143.</span> 
     </span>
     <span class='ocr_line' id='line_1_36' title="bbox 325 3855 1420 3930; baseline -0.001 -15"><span class='ocrx_word' id='word_1_258' title='bbox 325 3862 352 3930; x_wconf 85' lang='grc'>6)</span> <span class='ocrx_word' id='word_1_259' title='bbox 371 3861 415 3914; x_wconf 91' lang='lat' dir='ltr'>W.</span> <span class='ocrx_word' id='word_1_260' title='bbox 432 3861 461 3914; x_wconf 78' lang='grc' dir='ltr'>Τ.</span> <span class='ocrx_word' id='word_1_261' title='bbox 475 3860 523 3924; x_wconf 88' lang='lat' dir='ltr'>IV,</span> <span class='ocrx_word' id='word_1_262' title='bbox 537 3857 583 3911; x_wconf 87' lang='lat'>11:</span> <span class='ocrx_word' id='word_1_263' title='bbox 603 3857 810 3912; x_wconf 79' lang='lat' dir='ltr'>Circumeunter</span> <span class='ocrx_word' id='word_1_264' title='bbox 825 3855 921 3922; x_wconf 77' lang='lat' dir='ltr'>itaque</span> <span class='ocrx_word' id='word_1_265' title='bbox 938 3855 1088 3925; x_wconf 86' lang='lat' dir='ltr'>regionem,</span> <span class='ocrx_word' id='word_1_266' title='bbox 1109 3857 1270 3912; x_wconf 75' lang='lat' dir='ltr'>suburbana</span> <span class='ocrx_word' id='word_1_267' title='bbox 1288 3859 1420 3929; x_wconf 83' lang='lat' dir='ltr'>spoliu.nt;</span> 
     </span>
     <span class='ocr_line' id='line_1_37' title="bbox 255 3942 1462 4019; baseline -0.007 -15"><span class='ocrx_word' id='word_1_268' title='bbox 255 3950 440 4012; x_wconf 87' lang='lat' dir='ltr'>frumentum,</span> <span class='ocrx_word' id='word_1_269' title='bbox 459 3947 568 4009; x_wconf 87' lang='lat' dir='ltr'>vinum,</span> <span class='ocrx_word' id='word_1_270' title='bbox 589 3943 680 3997; x_wconf 89' lang='lat' dir='ltr'>oleum</span> <span class='ocrx_word' id='word_1_271' title='bbox 699 3946 728 3998; x_wconf 89' lang='lat' dir='ltr'>et</span> <span class='ocrx_word' id='word_1_272' title='bbox 747 3946 855 3998; x_wconf 77' lang='lat' dir='ltr'>caetera</span> <span class='ocrx_word' id='word_1_273' title='bbox 871 3942 945 3998; x_wconf 86' lang='lat' dir='ltr'>vitae</span> <span class='ocrx_word' id='word_1_274' title='bbox 963 3943 1123 4008; x_wconf 79' lang='lat' dir='ltr'>necessaria,</span> <span class='ocrx_word' id='word_1_275' title='bbox 1144 3961 1242 4018; x_wconf 85' lang='lat' dir='ltr'>greges</span> <span class='ocrx_word' id='word_1_276' title='bbox 1264 3964 1373 4019; x_wconf 84' lang='lat' dir='ltr'>quoque</span> <span class='ocrx_word' id='word_1_277' title='bbox 1393 3949 1422 4002; x_wconf 81' lang='lat' dir='ltr'>et</span> <span class='ocrx_word' id='word_1_278' title='bbox 1459 3993 1462 3998; x_wconf 86' lang='grc'>,</span> 
     </span>
     <span class='ocr_line' id='line_1_38' title="bbox 257 4030 742 4090; baseline -0.012 0"><span class='ocrx_word' id='word_1_279' title='bbox 257 4037 382 4090; x_wconf 76' lang='lat' dir='ltr'>armentu</span> <span class='ocrx_word' id='word_1_280' title='bbox 401 4034 465 4087; x_wconf 90' lang='lat' dir='ltr'>inde</span> <span class='ocrx_word' id='word_1_281' title='bbox 483 4050 573 4086; x_wconf 84' lang='lat' dir='ltr'>secum</span> <span class='ocrx_word' id='word_1_282' title='bbox 592 4030 742 4084; x_wconf 69' lang='lat' dir='ltr'>trahentes.</span> 
     </span>
    </p>
   </div>
   <div class='ocr_carea' id='block_1_12' title="bbox 325 4135 758 4210">
    <p class='ocr_par' dir='ltr' id='par_1_14' title="bbox 325 4135 758 4210">
     <span class='ocr_line' id='line_1_39' title="bbox 325 4135 758 4210; baseline -0.018 -18"><span class='ocrx_word' id='word_1_283' title='bbox 325 4140 351 4208; x_wconf 77' lang='lat'>7)</span> <span class='ocrx_word' id='word_1_284' title='bbox 369 4139 458 4192; x_wconf 77' lang='lat' dir='ltr'>Raim.</span> <span class='ocrx_word' id='word_1_285' title='bbox 477 4155 503 4206; x_wconf 87' lang='lat' dir='ltr'>p.</span> <span class='ocrx_word' id='word_1_286' title='bbox 523 4138 580 4210; x_wconf 69' lang='lat'>143.</span> <span class='ocrx_word' id='word_1_287' title='bbox 616 4135 690 4188; x_wconf 82' lang='lat' dir='ltr'>Gest.</span> <span class='ocrx_word' id='word_1_288' title='bbox 711 4135 758 4188; x_wconf 70' lang='lat'>12„</span> 
     </span>
    </p>
   </div>
   <div class='ocr_carea' id='block_1_13' title="bbox 0 0 1583 4912">
    <p class='ocr_par' dir='ltr' id='par_1_15' title="bbox 0 0 1583 4912">
     <span class='ocr_line' id='line_1_40' title="bbox 0 0 1583 4912; baseline 0 0"><span class='ocrx_word' id='word_1_289' title='bbox 0 0 1583 4912; x_wconf 95' lang='lat' dir='ltr'> </span> 
     </span>
    </p>
   </div>
  </div>
 </body>
</html>
