3138 4912
705 419 725 479 5

213 613 375 693 Inceptum
404 613 555 678 conficere
584 614 756 693 Gregorius
785 635 847 680 non
877 616 991 697 potnit.
1045 615 1183 696 Gerasus,
1213 635 1291 698 qrias

131 721 243 778 contra
271 712 439 778 Henricum
475 715 694 795 imperatorem
729 716 907 794 obtinebat,
949 733 1018 780 eum
1054 715 1292 796 impediverunt.

131 813 193 878 Sed
219 814 373 878 convertit
397 814 569 894 Gregorius
592 817 622 879 in
648 817 797 880 orientem
820 817 953 880 omnium
979 815 1095 882 oculos.

215 910 352 978 Mentem
376 914 519 995 Gregorii
542 915 674 996 adjuvat
695 922 727 979 et
752 935 816 979 rem
846 915 992 981 infectam
1016 916 1055 979 61
1078 916 1293 980 maturitatem

130 1013 277 1093 perducit
300 1016 416 1078 aetatis
444 1015 582 1079 studium
613 1015 804 1096 religiosum.
858 1015 1116 1081 Monasteriornm
1146 1031 1294 1079 numerus

131 1113 184 1176 illo
209 1123 346 1194 tempore
369 1115 478 1178 exinde
507 1123 653 1195 augetur.
707 1116 815 1194 Multi,
844 1123 936 1197 patre
962 1126 995 1182 et
1022 1123 1122 1181 matre
1151 1115 1294 1195 dessectis,

130 1223 202 1293 post
231 1217 489 1279 monasteriorum
520 1233 624 1280 neuros
654 1217 787 1282 salutem
817 1223 945 1298 petunt,
985 1217 1038 1280 alii
1067 1217 1106 1280 ab
1136 1216 1293 1280 hominurn

130 1313 355 1378 cousuetudine
403 1315 443 1378 ad
490 1315 616 1380 deserta
662 1315 820 1396 silvasque
859 1315 1021 1397 effugiunt.
1083 1317 1296 1382 Contemnunt

130 1413 288 1477 mnndum.
332 1415 397 1478 Deo
419 1415 476 1479 soli
496 1416 602 1480 vivere
622 1416 740 1480 volunt.
784 1417 952 1498 castigant
967 1432 1090 1481 carnem
1107 1415 1295 1494 verberibus,

128 1512 238 1577 famem
272 1519 303 1576 ct
335 1515 432 1591 sitim,
467 1514 565 1595 frigus
595 1521 628 1579 et
656 1515 828 1580 nuditatem
857 1517 1019 1598 perierunt
1052 1535 1089 1582 ac
1119 1520 1293 1598 patiuntur,

129 1614 377 1678 taciturnitatem
400 1616 456 1680 sibi
474 1617 647 1697 imponunt,
669 1622 856 1681 consumunt
869 1621 969 1680 totum
984 1617 1075 1698 diem,
1095 1623 1292 1698 peccatorum

6 1743 13 1762 ·
127 1715 341 1794 poenitentes,
365 1716 619 1796 morationibus,
643 1722 679 1781 nt
693 1717 797 1780 anima
816 1717 913 1780 vitam
934 1715 965 1780 in
988 1717 1048 1780 Dei
1069 1717 1294 1782 cousuetudine

129 1814 198 1877 sola
220 1813 337 1878 habeat
358 1816 579 1881 beatissimam.
633 1815 739 1880 Horae
764 1815 966 1880 beatissimae
995 1817 1033 1882 ils
1063 1818 1189 1882 suntin
1213 1836 1293 1882 eom-

127 1915 310 1995 punctione,
347 1930 410 1996 qua
437 1915 530 1979 horno
561 1917 592 1980 in
624 1933 692 1980 enm
727 1922 845 1979 statum
877 1923 1036 1996 movetur,
1075 1924 1125 1997 nt,
1164 1935 1292 2000 corpore

126 2015 217 2095 quasi
238 2015 411 2090 exstincto,
440 2016 545 2079 anirna
574 2016 605 2079 in
629 2016 694 2080 Deo
715 2016 781 2080 solo
801 2017 945 2096 quiescat
960 2019 995 2098 ¹).
1040 2017 1176 2095 Quomm
1199 2018 1294 2081 homi-

127 2133 199 2178 nnm
214 2115 334 2179 animos
354 2115 384 2178 in
401 2115 618 2195 Hierosolyma
631 2118 805 2196 terrestria,
829 2117 995 2196 imaginem
1012 2117 1293 2198 Hierosolymorum

125 2215 325 2294 coelestium,
347 2223 501 2296 perpetuo
523 2233 692 2280 conversos
713 2215 826 2296 fuisse,
849 2221 984 2298 apparet
1005 2223 1037 2280 et
1059 2222 1174 2281 exstat.

212 2316 380 2380 Praeterea
402 2323 542 2397 terrrpora
567 2320 641 2380 sunt
663 2316 910 2381 seditiosissime.
955 2316 1101 2381 Omnium
1125 2318 1294 2382 occidentis
1336 2401 1338 2406 Ι

130 2421 282 2481 terrarum
312 2416 436 2498 populi,
472 2417 648 2498 principum
679 2424 712 2480 ct
737 2419 931 2498 superiorum
961 2417 1092 2482 arbitrio
1122 2416 1232 2481 traditi
1262 2425 1294 2480 et

130 2515 253 2580 nimiam
275 2520 510 2597 oppressionem
534 2517 636 2598 passi,
658 2524 763 2582 status
787 2517 929 2581 meliores
953 2515 1140 2581 desiderant.

211 2615 388 2696 Philippus
430 2617 580 2682 Franciae
608 2635 679 2694 rex,
724 2617 852 2697 flagitiis
886 2624 919 2680 et
953 2617 1071 2697 stupris
1107 2615 1293 2697 maculatus,

129 2714 270 2779 subditos
301 2734 374 2779 suos
410 2722 442 2780 et
469 2717 651 2797 peregrinos
681 2719 711 2780 iu
742 2717 874 2781 Francia
906 2725 1046 2780 moratos
1074 2717 1293 2798 depopulatur.

130 2815 229 2894 Regni
256 2816 412 2896 principes
441 2823 474 2880 et
503 2817 635 2898 majores
665 2835 771 2897 regern
798 2817 1004 2896 despicientes
1033 2817 1179 2899 populum
1211 2818 1292 2882 omni

129 2914 220 2979 modo
240 2921 355 2980 venunt
370 2917 409 2994 ²),

127 3133 244 3188 vulnera
268 3135 298 3188 et
319 3135 430 3207 sanguis
455 3137 572 3191 fratrum
600 3137 630 3190 et
654 3133 807 3204 periculum
837 3135 955 3206 praefati
978 3135 1086 3205 imperii
1112 3135 1196 3205 digna
1222 3151 1294 3190 oom-

128 3219 252 3289 passione
277 3223 387 3276 moreat
411 3221 441 3277 et
464 3225 555 3278 vestra
577 3221 666 3276 virtue
692 3238 741 3291 pro
759 3221 861 3276 Christi
885 3221 994 3276 nornine
1018 3234 1073 3276 non
1094 3221 1210 3275 invitam
1229 3221 1294 3276 lati·

127 3305 268 3376 gationem
285 3309 321 3363 61
338 3309 451 3364 ferendo
467 3309 604 3364 iratribus
621 3308 727 3363 auxilia
744 3309 850 3362 subeat.

243 3395 279 3460 ΙΙ,
298 3396 330 3449 31
352 3397 390 3450 61
406 3394 558 3451 Henricum
574 3412 668 3466 regem
686 3395 882 3450 Rornanorum.

243 3482 330 3547 11‚37
354 3485 390 3536 61
409 3483 551 3538 universos
569 3482 671 3536 fideles.

197 3585 224 3655 l)
242 3585 366 3641 Historia
383 3586 566 3642 conversionis
584 3586 702 3641 Ebrsr'di
720 3584 889 3640 vicecomitis
907 3583 1088 3641 Carnutensis.
1114 3583 1212 3653 (Bouq.
1230 3583 1294 3637 xlv

127 3689 154 3740 P·
176 3673 468 3814 33)1)τ66161’66111166
486 3761 640 3814 multorum
659 3761 819 3814 sanctorum
836 3758 911 3812 illius
930 3757 1072 3828 temporis.

196 3861 224 3930 2)
243 3862 325 3934 Greg.
335 3863 415 3932 epist.
431 3864 492 3928 11,5
511 3865 547 3918 61
562 3863 702 3933 episcopos
720 3862 800 3933 regni
811 3863 994 3916 Francorum:
1019 3859 1159 3930 Quidquid
1177 3857 1295 3919 foedum,

128 3947 251 4013 crudele,
278 3949 463 4004 miserandum
485 3950 748 4020 intolerandumque
773 3951 831 4014 est,
859 3948 899 4004 ibi
917 3949 958 4018 (in
976 3947 1102 4016 Francia)
1126 3947 1156 4000 et
1181 3944 1295 4013 impune

127 4033 236 4103 agitur,
263 4038 292 4090 et
315 4037 418 4106 adepta
442 4037 557 4092 licentia
579 4036 640 4108 jam
666 4037 695 4091 in
723 4036 921 4091 consuetudine
948 4035 1075 4090 habetur.
1094 4074 1101 4088 .
1122 4072 1153 4086 ..
1195 4031 1295 4085 Omnes

126 4121 263 4176 horrenda
288 4125 317 4178 et
341 4124 462 4178 multum
493 4125 647 4180 execranda
673 4123 796 4178 facinora
818 4122 960 4177 multoties
987 4119 1173 4178 committunt.
1215 4116 1295 4171 Nihil

124 4207 239 4262 humani
261 4208 386 4280 nihilque
405 4209 492 4266 divini
518 4212 675 4266 attendunt.
716 4208 857 4290 Periuria,
880 4208 1040 4280 sacrilegia,
1067 4207 1203 4262 incestum
1228 4221 1288 4274 per·
