3138 4912
846 401 886 477 td

282 619 393 680 contra
414 615 577 695 regionum
595 611 799 677 finitimarum
823 612 943 682 Turoas
964 611 1080 676 bellum
1103 611 1300 694 gerentes¹).
1344 612 1446 682 Gode:

284 715 385 780 fridus
407 717 437 778 in
460 714 607 780 Balduini
629 713 737 777 fratris
760 720 843 776 terra
865 711 1058 792 aliquamdiu
1079 720 1220 778 moratur
1239 730 1307 778 cum
1326 712 1446 796 suis2).

198 847 216 892 χ
283 815 519 896 Expeditionem
541 832 664 896 quoque
687 812 810 876 brevem
827 811 903 876 lacit
923 811 953 875 in
971 818 1108 876 castrum
1121 813 1306 894 Ezaz,cujus
1321 832 1446 894 posses·

283 934 393 996 sorem,
410 914 507 978 Omar
526 915 660 992 nomine,
681 932 700 976 a
721 912 851 989 llidvan,
872 920 977 975 terrae
1000 911 1101 976 Haleh
1121 914 1269 994 principe,
1286 914 1446 978 obsessum
1549 989 1554 1000 Ι

282 1016 393 1079 liberet
409 1033 452 1078 en
474 1015 683 1088 obsidione³).
705 1015 707 1020 ’

366 1116 493 1178 Interim
518 1112 701 1177 Antiochiae
721 1111 949 1192 possessionem
978 1111 1035 1175 sibi
1058 1112 1218 1176 vindicant
1239 1118 1388 1196 uterque,
1416 1120 1448 1178 et

267 1215 485 1303 boamundus
509 1219 541 1278 ct
561 1212 765 1276 Raimundus.
810 1211 945 1293 Populos
965 1219 1068 1275 antem
1091 1212 1183 1277 ardet
1205 1213 1262 1292 ira,
1286 1215 1370 1294 quod
1388 1214 1449 1278 iter

283 1315 597 1394 hierosolymitanum
627 1314 657 1376 in
687 1311 753 1376 dies
781 1309 954 1376 differatur.
998 1311 1103 1387 Quare
1124 1310 1176 1390 lit,
1199 1318 1234 1376 ut
1255 1313 1448 1398 Raimundus

281 1419 349 1480 culm
382 1415 460 1494 suis,
492 1413 570 1477 urbe
603 1411 766 1476 Antiochia
792 1430 811 1476 a
835 1412 1022 1476 Boamundo
1052 1412 1199 1490 obtenta,
1221 1412 1306 1477 'inde'
1343 1423 1449 1480 castra

281 1521 407 1578 moveat
435 1531 517 1576 arum
548 1511 711 1576 millesimo
744 1513 945 1591 nonagesimo
976 1529 1074 1591 nono,
1109 1512 1160 1576 die
1195 1513 1315 1578 decimo
1351 1517 1456 1590 tertio¹

272 1615 396 1702 mensis
415 1609 558 1690 Januarii
572 1605 755 1691 ‘tuumque
777 1613 880 1693 plures
903 1611 1059 1693 principes
1082 1618 1262 1692 sequantur.
1286 1651 1288 1658 π
1412 1687 1414 1691 ,

363 1712 553 1803 Godelridus
579 1717 612 1776 et
641 1711 798 1776 Robertus
821 1702 1027 1776 Flandrensis
1053 1712 1094 1776 ab
1124 1713 1292 1778 Antiochia
1320 1724 1446 1780 movent

282 1815 331 1879 dle
353 1815 452 1895 primo
476 1812 590 1876 mensis
613 1810 720 1876 Martii
733 1815 771 1891 ⁵).

331 1945 334 1960 =
365 1911 559 1978 Rainmndus
595 1929 632 1974 ex
667 1910 834 1975 Antiochia
872 1911 1016 1991 repulsus
1051 1929 1183 1992 regnum
1213 1913 1273 1998 sibi
1295 1916 1447 1978 'statuere

282 2014 394 2078 nititur
425 2013 455 2076 in
486 2018 572 2075 terra
602 2009 810 2090 Tripolitana.
854 2010 952 2088 Quem
983 2011 1022 2075 ad
1052 2010 1145 2076 finem
1177 2019 1316 2078 castrum
1349 2015 1447 2077 Arcas

281 2130 380 2193 prope
404 2131 423 2175 a
444 2111 562 2192 Tripoli
586 2111 679 2174 situm
703 2110 835 2174 obsidet.
889 2109 1011 2176 Turcae
1033 2119 1139 2176 autem
1163 2117 1301 2177 castrum
1323 2114 1449 2177 fortiter

199 2231 202 2238 ·
283 2212 462 2276 detendunt.
504 2209 698 2274 Raimundus
721 2211 826 2274 hostes
849 2212 1027 2276 convincit.
1050 2212 1118 2276 lter
1132 2212 1446 2293 Hierosolymitanum

283 2330 375 2393 quum
393 2313 506 2374 iterum
530 2310 686 2390 tardetur,
707 2310 842 2390 populus
865 2311 969 2374 denuo
990 2312 1036 2375 ita
1056 2311 1147 2375 ardet
1161 2313 1217 2388 ira,
1241 2319 1276 2376 ul
1290 2312 1445 2392 principes
1553 2357 1554 2362 .

281 2410 433 2474 desiderio
472 2409 579 2506 populi
613 2409 730 2473 (liutius
763 2427 824 2472 non
855 2411 1017 2475 resistant.
1058 2411 1212 2490 Imprimis
1255 2409 1445 2474 Godefridus

280 2510 385 2589 allicit,
408 2516 444 2574 ut
465 2528 527 2590 pax
549 2527 618 2573 cum
642 2527 716 2588 rege
740 2508 935 2590 Tripolitana
955 2510 1144 2574 concilietur.
1187 2510 1254 2573 Rex
1272 2510 1447 2592 pollicetur,

280 2629 323 2691 se,
351 2611 487 2690 ‚captivis
517 2610 674 2684 remissis,
703 2627 898 2672 rutaniorum
928 2628 1092 2673 aureorum
1129 2609 1303 2689 quindecim
1342 2610 1447 2688 millia,
1552 2631 1553 2640 ¹

281 2727 442 2791 equorum,
464 2709 608 2788 vestium,
631 2708 849 2772 alimentorum
874 2714 906 2771 et
929 2709 1058 2772 aliarum
1080 2727 1185 2774 rerum
1207 2710 1247 2774 ad
1274 2712 1371 2774 vitam
1394 2729 1463 2788 ne·¹

279 2810 485 2874 cessariarum
508 2810 629 2889 copiam
647 2813 799 2888 'magnam
822 2827 892 2870 esso
914 2808 1061 2871 daturum
1075 2813 1112 2889 ⁸).

349 3105 376 3174 1)
394 3104 469 3159 oea.
489 3103 557 3158 aa·
644 3179 647 3186 Ι

225 3229 228 3234 ,
347 3210 376 3278 a)
392 3208 454 3262 ma.
474 3208 525 3276 sq.
543 3207 578 3260 v.
597 3207 637 3260 rs.
675 3205 753 3260 war.
768 3197 832 3278 syr.
851 3207 913 3274 vn,
933 3211 958 3264 s.
1018 3259 1020 3263 .

223 3361 226 3366 .
343 3309 376 3381 a)
395 3312 458 3366 Ara.
480 3312 530 3379 sq.
549 3310 582 3364 v.
601 3311 694 3365 s-ra.
713 3309 790 3364 wnr.
817 3311 881 3380 syr.
899 3312 961 3367 vri.
980 3315 1055 3368 3-4.
1075 3315 1256 3370 nemorosus
1274 3318 1313 3386 (p.
1330 3317 1445 3389 4243)
1549 3369 1550 3376 .

278 3433 327 3487 per
343 3432 462 3470 errorem
481 3416 671 3474 austerorum
688 3413 857 3482 scriptorum
877 3416 1083 3471 narrationibus
1100 3418 1195 3473 differt
1206 3419 1306 3486 dicens
1324 3439 1379 3475 non
1391 3422 1445 3476 Go-

267 3501 424 3588 deludam,
443 3502 490 3554 aed
508 3500 697 3554 Raimundum
714 3501 836 3553 castrum
856 3501 992 3557 obsedisse
1011 3507 1042 3558 et
1058 3504 1247 3571 Raimundum
1262 3525 1280 3562 a
1296 3507 1445 3565 Godefrido
1548 3557 1549 3584 ,

278 3605 335 3643 essa
354 3587 490 3658 adjutum.
1049 3609 1052 3614 ·

346 3691 375 3760 4)
393 3691 467 3758 Gest.
487 3690 532 3744 33:
551 3705 643 3744 mense
661 3689 828 3745 Novembrio
846 3691 969 3746 discessit
984 3692 1158 3749 Raimundus
1170 3697 1205 3750 ab
1220 3697 1369 3755 Antiochia
1381 3719 1445 3756 cum

210 3784 213 3788 ’
278 3793 326 3831 suo
345 3776 467 3830 exercitu
562 3795 563 3798 ¹

267 3925 270 3930 .
312 3880 386 3934 (lest.
403 3881 451 3934 34:
474 3852 582 3934 decima
599 3879 686 3934 tertia
701 3879 746 3934 die
765 3880 889 3936 intrante
914 3882 1238 3942 lanuario'ltaimundus
1255 3838 1344 3944 exirit
1361 3893 1443 3946 nudis

415 3965 530 4036 pedibus
549 3967 583 4021 d'e
601 3966 693 4020 Marna
711 3969 807 4038 (prope
826 3968 863 4021 ab
882 3969 1029 4024 Antiochia
1047 3971 1121 4042 sita).
1256 3973 1259 3978 '

234 4129 237 4136 ,
347 4086 374 4157 5)
394 4083 527 4154 athaq.
546 4087 580 4141 V.
598 4087 640 4141 33.
658 4088 692 4142 cf.
710 4088 743 4142 V.
762 4088 803 4142 28.

352 4189 380 4258 6)
398 4189 472 4242 (lest.
490 4189 602 4244 35-36.
636 4190 726 4246 Raim.
745 4211 771 4262 p.
791 4193 847 4247 169.
880 4193 961 4256 ,wall
979 4195 1042 4264 Tyr.
1059 4195 1119 4249 Vll.
1136 4198 1177 4252 21.
