3138 4912
691 422 729 482 33

209 615 276 694 Quo
300 618 415 680 nuntio
430 623 560 698 accepto
583 619 729 699 princeps
759 620 837 684 duos
860 619 988 684 nuntios
1011 618 1109 682 mittit
1136 616 1175 680 ad
1204 615 1289 680 urbis

127 717 317 797 praesidium
342 718 504 804 dicturae,
525 719 692 798 principem
716 739 802 782 suum
823 738 891 783 eum
914 721 1054 784 exercitu
1077 736 1190 796 magno
1207 717 1234 795 ¹]
1257 719 1288 778 in

126 817 276 880 montium
302 817 470 880 vicinorum
494 817 581 881 silvis
604 819 711 881 abdite
734 819 847 898 latere,
872 826 906 882 ut
927 819 1077 900 postridie
1099 835 1154 897 per
1177 824 1289 896 portas

115 915 316 979 'rrreridianas
338 919 367 979 in
391 917 497 980 urbem
520 919 681 998 ingressus
706 926 737 982 et
758 939 815 1000 per
836 928 944 1001 portas
966 916 1229 999 septentrionales
1253 934 1290 980 cx

127 1016 204 1080 urbe
231 1034 377 1096 egressus
417 1035 484 1080 cum
519 1035 639 1080 summo
671 1021 808 1084 exercitu
839 1021 869 1083 in
902 1020 1008 1084 hostes
1040 1019 1082 1082 sit
1113 1017 1290 1106 intensurus,

127 1116 196 1179 dnm
221 1123 323 1179 cetera
348 1118 471 1193 aprluna
494 1118 523 1179 in
546 1117 653 1180 hostes
677 1119 707 1180 in
731 1119 817 1182 urbis
839 1127 929 1199 parte
955 1117 1099 1182 orientali
1122 1115 1290 1179 collocatos

127 1217 274 1280 incidant.
327 1217 515 1280 Nuntiorum
552 1225 658 1280 autem
695 1219 777 1282 ulter
813 1220 1011 1298 interficitur,
1042 1218 1123 1281 alter
1159 1217 1290 1299 cupitur,

127 1317 263 1397 principe
286 1317 485 1396 inscienter),

206 1417 278 1481 Janr
300 1417 446 1497 princeps
468 1417 596 1480 utinsilia
620 1419 794 1480 neccessario
816 1418 907 1497 cepit,
926 1418 991 1498 jam
1009 1435 1026 1479 e
1043 1416 1190 1478 montium
1206 1413 1291 1475 silvis

127 1517 238 1595 erupit,
258 1515 323 1595 jam
347 1517 376 1579 in
401 1516 486 1579 urbis
508 1519 681 1597 proximum
699 1517 859 1597 pervenit,
885 1519 949 1596 jam
974 1517 1004 1578 in
1028 1535 1064 1580 eo
1086 1519 1152 1594 est„
1177 1518 1213 1576 ut
1234 1512 1291 1576 ini-

126 1616 258 1680 micitias
300 1617 398 1694 ineat,
433 1635 503 1679 ecce
531 1623 717 1697 conspectus
755 1614 953 1698 improvisus.
997 1615 1091 1678 Urbis
1121 1621 1188 1676 tota
1216 1629 1314 1694 pers¹

126 1715 297 1778 manliana
330 1715 496 1779 hostilibus
532 1722 615 1780 tecta
653 1723 701 1780 est
736 1717 841 1797 copiis.
886 1716 1079 1779 Raimundus
1116 1712 1290 1777 'lolosanus

126 1833 227 1878 comes
256 1815 347 1878 modo
375 1817 571 1894 adventavit,
606 1816 636 1878 in
669 1817 775 1879 hostes
806 1816 911 1879 eodem
945 1819 1105 1879 momento
1141 1813 1290 1893 temporis

126 1915 357 1996 inrupturum).
379 1915 451 1980 Fuit
475 1917 540 1979 dies
564 1915 827 1980 duodevicesimus
849 1917 961 1980 mensis
984 1915 1069 1996 Mujl.
1308 1997 1310 2003 A

209 2017 259 2080 Sic
304 2035 354 2079 res
398 2024 524 2097 praeter
556 2035 676 2079 omnem
719 2017 893 2097 opinionem
929 2016 1054 2080 cadunt.
1094 2013 1291 2078 Raimundus

128 2117 287 2179 victoriam
318 2122 460 2194 reportet
486 2135 523 2180 cx
552 2115 707 2198 hostilius,
732 2135 860 2196 quorum
887 2117 939 2180 alii
970 2115 1212 2193 interficiuntur,
1239 2111 1290 2176 alii
1317 2143 1319 2150 1

125 2216 304 2296 capiuntur,
327 2215 379 2278 alii
402 2235 435 2280 se
458 2217 610 2279 mundant
631 2215 779 2298 fugam).
1182 2284 1184 2289 ,

210 2316 323 2379 Cetera
357 2317 528 2380 Turcarum
567 2317 693 2395 agmina
731 2335 791 2380 uon
821 2317 932 2380 melius
961 2313 1143 2396 procedunt.
1187 2311 1290 2389 lnscii,

126 2417 198 2494 quid
233 2417 363 2498 principi
395 2409 556 2494 acciderit,
596 2417 805 2480 exsultatione
834 2415 996 2479 immodica
1029 2434 1045 2477 e
1076 2413 1232 2477 montibus
1258 2412 1289 2475 in

128 2515 235 2578 vallem
266 2517 448 2594 decurrunt,
479 2517 570 2581 funes
598 2535 702 2580 secum
731 2523 909 2597 portentae,
949 2515 1059 2595 quibus
1088 2515 1230 2595 captivos
1258 2511 1290 2575 in

127 2617 307 2680 servitutem
332 2617 500 2694 abducant,
527 2617 711 2696 irruuntque
733 2618 762 2679 in
787 2617 902 2680 lieston.
926 2617 1048 2696 lmpetu
1071 2622 1175 2678 arrtcm
1199 2612 1289 2676 vehe-

127 2721 230 2776 mente
254 2715 421 2779 fortissimo
444 2716 639 2796 propulsato,
665 2717 835 2780 Turonium
859 2722 1078 2796 superatorum
1101 2715 1178 2778 alios
1195 2715 1290 2777 inter-

129 2813 249 2892 ficiunt·
268 2814 346 2878 ulios
370 2817 510 2895 captivos
536 2815 818 2894 sncnmabdncunt,
841 2815 919 2879 alios
936 2817 965 2879 in
983 2815 1089 2894 l'ugum
1106 2819 1291 2900 convertunt

127 2912 312 2978 Godelridus
335 2915 492 2993 ceterique
515 2917 681 2996 principes

197 3161 224 3229 1)
243 3161 306 3215 Alb.
325 3161 377 3230 Aq.
397 3162 431 3216 ΙΙ.
452 3165 502 3216 25:
532 3164 686 3234 quingenta
703 3163 793 3218 millia
810 3162 931 3218 virorum
951 3162 1138 3230 pugnatorum
1157 3160 1192 3212 et·
1204 3157 1304 3211 ferra-⁴

125 3252 217 3303 torum
237 3247 370 3317 equitum.

160 3353 237 3406 Will.
255 3337 317 3421 Tyr.
337 3351 385 3404 ΙΙΙ.
406 3352 434 3403 l:
456 3351 582 3404 Infinitas
600 3352 661 3404 tum
685 3369 719 3405 ex
738 3352 863 3415 Perside,
882 3352 945 3404 tum
965 3367 998 3403 ex
1017 3346 1208 3418 adjacentibus
1229 3364 1291 3418 pro·

261 3437 358 3491 vinciis
375 3453 467 3491 seeum
485 3438 641 3491 adduxerat
656 3439 805 3493 Tuscorum
823 3436 932 3506 copias„

161 3543 237 3597 Will.
256 3541 319 3610 Tyr.
334 3539 383 3592 ΙΙΙ,
403 3540 433 3592 3:
461 3540 635 3594 Solimannns
659 3560 722 3595 oum
740 3527 900 3611 ingentibus
924 3537 1052 3606 equitum
1071 3535 1169 3604 copiis,
1192 3534 1241 3603 qui
1255 3515 1300 3588 ad,

260 3625 466 3696 quinquaginta
483 3626 573 3680 nullia
590 3628 824 3692 aestimabantur,
841 3627 876 3679 de
896 3623 1035 3678 montibus
1054 3622 1231 3685 descendens,
1255 3622 1291 3674 ad

260 3713 344 3783 plana
362 3730 390 3767 se
408 3713 572 3768 contulerat.

194 3817 222 3884 a
235 3818 298 3870 Are.
315 3817 366 3884 aq.
384 3817 403 3869 1.
422 3834 444 3870 ο.
463 3799 541 3870 wrir.
559 3817 623 3887 ryr.
646 3816 694 3870 nr.
713 3816 789 3870 2—3.
863 3812 866 3818 ·

196 3919 223 3986 3)
242 3919 315 3974 Gest.
333 3920 423 3974 vnn:
443 3937 514 3986 quae
534 3922 614 3989 porta
632 3919 661 3972 in
678 3919 722 3972 die
739 3915 872 3972 Sabbathi
898 3916 961 3983 post
978 3913 1163 3968 ascensionem
1181 3909 1291 3964 Domini

126 4021 143 4056 a
160 4005 259 4059 comite
278 4007 317 4060 st.
337 4005 447 4076 Aegidii
467 4008 495 4061 et
511 4007 638 4076 episeopo
657 4004 786 4059 Podionsi
803 4001 946 4072 hospitata
965 4001 1017 4052 est.
1035 3996 1292 4067 intremuere.

193 4108 222 4175 4)
241 4109 314 4162 Gest.
334 4110 352 4162 l.
375 4127 411 4163 e:
439 4109 521 4163 Turni
542 4111 678 4164 dederunt
700 4109 795 4179 sugam
818 4110 847 4162 et
870 4107 925 4160 l'uit
947 4107 1060 4159 mortua
1083 4100 1204 4155 maxima
1229 4117 1292 4170 pars

126 4195 247 4247 illorum.
267 4194 343 4248 Will.
361 4196 424 4265 Tyr.
442 4195 460 4249 l.
479 4213 501 4249 e.

1097 4339 1113 4390 3
