3138 4912
720 399 739 457 'l

229 596 295 660 lmo
319 595 404 659 Deus
432 594 508 676 ipse,
538 594 750 668 misericordia
783 601 913 676 captus,
944 595 1099 662 miraculis
1132 596 1320 662 innumera.

146 696 261 760 bilibus
295 695 336 759 ad
367 713 432 758 rem
461 701 603 759 sanctam
633 695 825 762 efficiendam
855 713 962 760 omnes
978 695 1167 762 christianos
1189 697 1308 764 incitat.

145 796 300 860 Videntur
334 795 435 858 nubes
465 795 672 874 sanguineae,
700 804 840 860 cometae
872 796 1069 876 splendorem
1099 796 1195 877 gladii
1226 815 1311 860 more

147 895 390 978 protendentes,
421 894 543 959 faculae
565 914 620 977 per
642 902 745 960 a'erem
767 896 927 973 volantes,
958 895 1068 960 stellae
1090 895 1130 960 de
1151 895 1236 960 coelo
1259 915 1309 962 ae·

147 997 258 1060 dentes
292 996 322 1059 in
354 1002 480 1058 terram.
524 995 656 1076 Equites
687 996 717 1064 in
741 1001 813 1060 atre
842 1001 1032 1060 concurrunt
1060 999 1309 1076 concurrantque.

147 1095 262 1160 Mulier
286 1093 405 1159 duobus
427 1095 518 1158 annis
540 1095 757 1176 impraegnata
777 1094 872 1159 filium
894 1095 980 1176 parit
996 1095 1225 1177 loquentem).
1260 1133 1263 1139 «

231 1196 317 1273 Quae
355 1202 428 1259 sunt
458 1196 488 1258 in
518 1196 654 1259 omnium
684 1214 738 1260 ore
765 1201 797 1258 et
827 1195 1038 1282 sermonem
1065 1195 1196 1261 concilio
1226 1213 1308 1262 anno

148 1294 310 1359 millesimo
334 1295 534 1374 nonagesimo
563 1295 672 1376 quinto
709 1289 941 1366 Clarumontevrr
969 1299 1080 1360 vocato
1106 1293 1256 1361 Urbanus
1278 1297 1307 1362 ll

148 1411 231 1476 papa
254 1394 397 1460 oratione
419 1394 512 1475 longa
534 1392 730 1478 exprimite).
774 1393 886 1458 Coram
913 1394 1020 1458 multis
1043 1395 1198 1459 hominum
1222 1397 1312 1464 milli-

148 1495 205 1560 tus
219 1497 256 1576 ³).
273 1494 421 1560 Urbanus
433 1493 714 1562 llchristianorum
724 1495 753 1558 in
767 1503 882 1558 terram
898 1500 1038 1558 sanctam
1047 1493 1308 1574 proficiscentium
1331 1503 1333 1508 ’

150 1602 183 1659 et
203 1595 276 1659 inde
312 1595 436 1660 donrum
459 1595 657 1658 redeuntium
688 1594 848 1660 molestias
878 1595 1115 1659 accuratissima
1136 1602 1309 1669 enumerat,

146 1677 373 1776 Hierosolymis
395 1695 661 1775 peregrinantium
684 1693 848 1780 augustias
876 1693 979 1758 verbis
1001 1693 1126 1758 disertis
1152 1689 1310 1760 describit.

150 1795 376 1860 Saracenorum
399 1794 603 1860 crudelitates
627 1793 779 1858 coloribas
802 1794 1005 1858 vivacissimis
1025 1793 1136 1874 pingit.

229 1894 385 1976 Imprimis
406 1893 552 1966 Urbanus
574 1894 604 1958 in
627 1894 763 1961 medium
785 1891 964 1974 prolert⁴),
991 1893 1199 1960 aSaracenis.
1216 1893 1310 1962 ecole—
1397 1971 1399 1976 ,

148 1996 210 2059 sias
232 2001 337 2060 terrae
359 2001 486 2060 sanctae
501 1993 608 2072 deleri,
625 1992 739 2058 altaria
755 1993 922 2073 inquinari,
938 2001 1052 2058 terram
1069 1995 1167 2075 ipsam
1184 1992 1312 2070 vastari,

146 2095 335 2158 christianos
374 2094 496 2175 partim,
530 2094 561 2156 in
595 2094 780 2157 servitutem
816 2093 945 2173 abduci,
972 2095 1087 2184 partim
1119 2093 1311 2170 obtruncari,

147 2195 347 2278 constuprari
379 2193 532 2258 mulieres.
577 2193 662 2270 Quae
678 2191 798 2273 flagitia
821 2193 902 2257 haud
932 2193 1066 2275 amplius
1094 2194 1219 2275 impune
1242 2211 1310 2257 esse
1370 2223 1372 2227 ·

7 2341 31 2352 μ
147 2295 361 2376 relinquenda.
403 2292 572 2358 Christiani
601 2294 735 2375 cujusvis
765 2312 833 2357 esse
863 2291 1012 2374 officium,
1041 2299 1076 2359 ut
1105 2293 1241 2373 laboret,
1276 2298 1312 2366 ut

146 2395 318 2460 occidentis
340 2393 455 2458 fratres
479 2394 608 2457 orientis
629 2393 779 2458 fratribus
802 2394 995 2474 subveniant,
1017 2400 1135 2458 terram
1158 2398 1310 2471 sanctam,
1382 2451 1384 2457 ,

146 2494 263 2559 Christi
285 2495 466 2576 praesentia
488 2493 687 2575 illustratam,
708 2495 853 2576 passione
875 2495 942 2576 ejus
962 2502 1126 2572 sacratam,
1148 2495 1311 2560 Saracenis

81 2659 83 2664 .
148 2595 317 2676 eripientes
340 2601 436 2677 atque
463 2595 637 2676 sepulcrum
667 2602 809 2659 sanctum
833 2602 1058 2676 expugnantes.
1102 2594 1311 2676 omnesqui

117 2695 212 2766 ,sint
245 2695 402 2775 accepturi
434 2697 514 2759 viam
553 2695 887 2776 Hierosolymitanam,
919 2701 956 2780 ut
984 2701 1101 2766 contra
1140 2695 1311 2760 Saracenos

145 2801 303 2875 pugnent,
336 2795 505 2876 adepturos
535 2814 603 2880 esse
632 2796 844 2860 remissionem
872 2801 1068 2876 peccatorum
1092 2800 1125 2859 et
1146 2795 1309 2860 liberatum

146 2894 185 2958 iri
206 2912 263 2974 per
282 2893 450 2960 triennium
473 2896 690 2978 vectigalibus,
715 2895 842 2960 tributis
864 2895 1028 2976 usurisque
1050 2893 1268 2977 pendentm).

146 3052 177 3060 ’
216 3087 242 3155 1)
260 3086 366 3141 mnes.
392 3087 486 3141 9-10.
512 3087 553 3141 nx
577 3086 705 3142 aaronica
729 3089 826 3142 saxon.
852 3088 950 3158 (eosq.
969 3086 1045 3140 nur.
1066 3105 1092 3156 p.
1114 3087 1185 3155 715).
1211 3088 1310 3144 eumn.
1342 3127 1344 3132 ,

145 3172 266 3228 Alberioi
285 3172 390 3243 (Leibn.
409 3191 506 3228 ascesa.
523 3176 544 3254 t.
564 3175 600 3228 ll.
618 3193 645 3243 p.
666 3175 726 3244 143)
745 3175 780 3228 ad
800 3192 906 3228 annum
929 3174 1019 3228 1095.

215 3278 242 3346 2)
264 3277 324 3330 Duo
341 3276 487 3346 scriptores
504 3277 686 3347 expeditionis
704 3277 970 3347 Hierosolymitamae
988 3277 1104 3354 eoncilia
1115 3277 1308 3344 interfuerunt,

147 3364 284 3421 Robertus
302 3364 452 3418 monachus
472 3366 501 3418 et
519 3364 667 3419 Guibertus
685 3366 764 3420 abba

214 3469 242 3537 3)
262 3469 330 3522 Roh.
346 3485 419 3522 mon.
438 3469 458 3522 Ι.
478 3486 504 3538 p.
523 3469 571 3521 31:
590 3468 677 3523 exivit
694 3468 820 3524 dominus
837 3485 910 3538 papa
928 3468 957 3522 iu
975 3470 1096 3538 quadam
1108 3467 1227 3538 spatiose
1244 3469 1308 3522 lati·

144 3556 250 3610 tudinis
266 3557 376 3626 platea:
396 3555 463 3625 quia
482 3574 538 3610 non
557 3558 669 3625 poterat
686 3556 750 3611 illos
765 3573 863 3626 capere
877 3555 1027 3625 cujuslibet
1039 3554 1158 3610 aedificii
1172 3555 1307 3610 clausura.

181 3644 257 3698 Will.
267 3644 410 3698 Malmesh.
418 3644 516 3715 (Bouq.
528 3644 603 3697 XIII.
615 3663 640 3714 p.
653 3643 695 3712 6):
713 3642 869 3712 opinionem
879 3640 1022 3696 hominum
1032 3641 1160 3696 vincebat
1170 3659 1308 3700 numerus.

249 3729 375 3798 quamvis
393 3730 608 3786 aestimarentur
626 3729 749 3802 sexagies
766 3731 877 3784 eentum
894 3727 985 3781 millia
1002 3727 1205 3782 itinerantium.

214 3836 242 3904 4)
258 3835 327 3890 aas.
343 3852 415 3889 mon.
434 3835 454 3889 1.
474 3854 499 3904 p.
517 3836 628 3889 εει-32.
646 3817 726 3890 aas.
742 3834 777 3888 n.
794 3834 819 3888 4.
845 3832 922 3886 wau.
934 3831 997 3902 syr.
1005 3831 1026 3885 1.
1046 3831 1154 3886 rr-rs.
1173 3831 1267 3886 suren.
1285 3833 1308 3886 1.

147 3921 223 3975 will
243 3922 384 3978 Malmesb.
402 3922 420 3978 l.
440 3942 462 3976 e.

215 4009 242 4076 5)
259 4008 341 4063 Guib.
360 4008 395 4062 11.
414 4011 443 4061 5:
471 4007 623 4080 (Urbanus)
643 4025 744 4071 omnes,
760 4005 808 4074 qui
826 4023 854 4060 se
873 4005 962 4059 ituros
980 4006 1121 4069 voverant,
1135 4005 1210 4059 beati
1225 4005 1300 4060 Petri

147 4095 286 4163 potestate
306 4095 433 4150 absolvit.

138 4225 141 4231 .
181 4179 257 4238 Ibid:
278 4182 425 4238 Praeterea
442 4197 535 4237 omnes
559 4180 623 4235 illos
647 4180 734 4236 strom
759 4177 922 4251 dampnavit
938 4177 1128 4244 anathemate,
1147 4177 1195 4250 qui
1214 4196 1308 4236 eorum
