3138 4912
990 163 1008 202 fl

708 387 902 476 „rr-

266 583 346 647 frido
368 602 388 646 a
409 584 559 648 comitatu
582 600 711 663 prorsus
735 581 869 646 excluso.
913 582 1106 648 Godefridus
1136 601 1232 664 quum
1253 589 1361 648 autem
1376 580 1432 662 ¹jus

266 702 355 746 anum
377 684 528 760 obtineat,
550 681 664 747 bellum
697 687 922 747 commovetur.
967 682 1111 765 Utraque
1139 701 1213 764 pars
1244 701 1349 748 secum
1377 701 1431 763 pu-

266 789 365 862 gnant
385 782 568 863 permultos
584 800 689 846 annos.
717 781 811 846 Stant
827 801 896 846 oum
912 780 1084 847 Godairido
1098 783 1254 847 Haurious
1271 783 1431 862 episcopus

264 881 444 946 Laudionsis
466 890 498 946 et
521 881 675 945 Henricus
698 899 799 944 comes
830 879 868 944 de
889 882 1119 963 Grandiprato,
1151 901 1249 963 usque
1278 881 1380 946 adhuc
1402 882 1431 944 in

266 981 395 1046 vinculis
418 988 536 1045 11111113.
578 982 657 1046 Cum
680 979 872 1044 Theoderico
903 987 968 1045 stat
999 982 1148 1046 hibertus
1175 999 1277 1046 comes
1300 981 1432 1046 Namar-

264 1083 373 1160 censis,
396 1083 448 1162 qui
472 1080 645 1145 Ballionem
668 1087 806 1145 castrum
828 1083 960 1146 obsidet.
983 1081 1045 1148 Sed
1069 1081 1260 1148 Godcfridus
1289 1093 1430 1147 castrum

264 1200 353 1246 suum
382 1182 495 1246 liberat
523 1180 704 1260 obsidione,
728 1183 758 1244 in
783 1182 933 1246 territorii
967 1181 1174 1246 Virduuensis
1227 1181 1430 1262 habitatores

265 1282 444 1347 sathanaco
466 1287 571 1345 castro
594 1281 731 1358 munito,
761 1282 859 1346 multa
886 1281 962 1348 facit
989 1282 1116 1346 hostilia
1145 1288 1177 1346 et
1206 1282 1350 1347 hostibus
1377 1284 1431 1347 da-

263 1400 367 1446 mnum
382 1381 542 1446 contrahit
554 1398 713 1460 magnum,
731 1381 830 1446 donec
843 1383 872 1445 ei
894 1383 1032 1462 contigit,
1054 1389 1090 1446 ut
1110 1382 1191 1446 hanc
1216 1401 1338 1464 qnoque
1359 1401 1431 1447 con-

263 1482 435 1546 tentionem
457 1501 539 1546 armo
563 1480 742 1546 millessimo
765 1483 957 1563 octogesimo
980 1484 1113 1562 septimo
1141 1482 1180 1545 ad
1210 1484 1327 1548 exitum
1358 1501 1430 1564 pro-

263 1593 388 1662 sperum
411 1582 591 1646 adduceret.

344 1682 527 1746 Inimicitias
571 1681 653 1760 gerit
697 1699 763 1744 cum
793 1680 966 1746 Godefrido
993 1682 1207 1747 Theodericus
1236 1683 1301 1763 ipse
1329 1701 1429 1747 conres

263 1783 517 1859 Flammcusis¹),
537 1780 663 1845 Henrici
687 1781 886 1860 imperatoris
909 1781 1082 1846 familiaris.
1106 1784 1132 1845 A
1158 1781 1327 1847 Gadei'rido
1349 1801 1430 1846 com-

260 1879 435 1968 prehensus
462 1883 493 1945 in
522 1881 705 1962 captivitate
728 1881 847 1963 mox2)
884 1894 1024 1946 mortuus
1061 1890 1109 1947 est
1143 1901 1227 1947 anno
1268 1885 1429 1948 millesimo

260 1983 455 2064 octogesimo
478 1981 624 2046 secundo.

343 2083 511 2162 Postquam
541 2081 697 2144 Henricus
726 2082 889 2162 episcopus
922 2082 1103 2146 Leodieusis
1146 2102 1228 2146 anno
1267 2084 1428 2147 millesimo

262 2184 465 2262 nonagesimo
493 2181 591 2260 primo
621 2187 760 2244 mortuus
790 2179 892 2262 est³),
923 2181 1059 2246 Obcrtus
1090 2187 1170 2264 ipse,
1205 2183 1333 2246 Henrici
1361 2201 1428 2246 suo-

262 2301 366 2347 cessur
379 2281 422 2363 ⁴),
443 2281 650 2346 Godefridum
672 2282 701 2344 iu
725 2283 972 2346 controversiam
995 2291 1095 2346 vocat.
1139 2282 1283 2360 01111113,
1302 2282 1356 2360 qui
1379 2287 1427 2342 ost

261 2383 362 2464 partis
385 2381 510 2470 Henrici
533 2383 733 2461 imperatoris
755 2388 787 2444 11
809 2381 892 2446 laudi
916 2383 1176 2462 Guiberupapaa
1198 2379 1305 2444 abillo
1327 2380 1427 2442 nomi-

262 2486 327 2548 nati
350 2483 451 2560 iavet,
485 2482 652 2547 monachos
677 2483 904 2561 andaginensis
933 2482 1115 2546 monasterii
1137 2480 1182 2544 st.
1206 2480 1355 2556 Habenti,
1375 2481 1429 2560 qui

261 2584 381 2650 Urbani
404 2601 507 2664 papae
530 2584 710 2646 auctoritati
733 2589 766 2646 et
788 2583 907 2662 gloriae
929 2583 1092 2659 serviunt,
1120 2585 1303 2660 persecutus
1324 2599 1340 2642 e
1364 2599 1430 2644 mo·
1475 2577 1477 2584 '

261 2684 398 2748 nasterio
421 2683 505 2764 ejicit
526 2688 625 2763 atque
639 2682 882 2762 ingobrandum,
903 2680 1043 2744 coenobii
1062 2679 1428 2760 bobiensismouachum,

260 2785 404 2849 abbatem
430 2783 610 2848 monasterii
630 2781 860 2862 andaginensis
882 2780 1038 2859 designat.
1074 2780 1127 2844 Ira
1156 2782 1296 2844 succensi
1326 2781 1429 2846 (11111-

260 2886 361 2949 fridus
383 2885 446 2949 dux
461 2890 493 2946 11
512 2882 564 2946 alii
580 2883 734 2963 principes
752 2879 870 2970 Oberto
885 2879 1089 2960 refragantur
1105 2899 1237 2960 eumque
1251 2889 1373 2962 cogunt,
1395 2888 1429 2946 ut

260 2985 492 3064 Ingobrandum
506 2984 645 3047 dimittat
654 2981 880 3062 permittatque
896 2981 1117 3044 monachorum
1132 2980 1275 3044 reditum.
1298 2981 1347 3045 Sic
1362 3001 1427 3046 mo-

260 3086 390 3148 nasterii
420 3083 649 3162 Andaginonsis
675 3098 726 3144 rea
753 3081 914 3160 usquead
945 3099 1059 3144 annum
1086 3080 1294 3145 vmillesimum
1327 3100 1424 3146 nona-

203 3257 205 3263 ,
260 3185 412 3266 gesimum
435 3189 555 3247 sextum
575 3201 608 3245 se
629 3181 807 3244 habuerunt
822 3180 863 3260 ⁵).

341 3285 387 3348 An
428 3281 624 3362 GodefriduS,
668 3297 766 3344 annos
809 3279 983 3360 quindecim
1028 3285 1131 3360 1111113,
1178 3299 1302 3366 pugnae
1340 3280 1425 3362 apud

257 3445 549 3458 -——-··-·-·=-——-———-

326 3505 353 3575 1)
371 3505 442 3558 Hiat.
461 3505 568 3574 Andag.
587 3502 703 3556 monast.
721 3501 819 3572 (Bouq.
838 3499 914 3555 XIII.
933 3519 959 3570 p.
980 3501 1055 3569 587):
1074 3501 1130 3569 qui,
1144 3499 1174 3553 in
1188 3500 1291 3568 quibua
1306 3503 1424 3570 poterat,

259 3593 459 3648 adversabatur
473 3591 571 3662 juveni
590 3587 769 3661 (Godefrido).

325 3697 353 3766 2)
370 3696 453 3750 thiu:
471 3697 534 3766 post
551 3692 699 3747 dimidium
716 3692 773 3746 fere
791 3709 902 3745 annum.

326 3801 353 3870 3)
373 3801 470 3856 Chron.
490 3799 583 3854 Aiber.
602 3797 638 3851 ad
656 3795 803 3850 ann.1091
823 3796 860 3865 (p.
881 3791 951 3860 139).
996 3794 997 3799 ’

321 3905 349 3974 4)
368 3903 451 3958 Ibin:
470 3903 522 3970 Qui
542 3895 1272 3973 (0111111111)1111111111111111111111111111111Η111111ο
1291 3897 1322 3951 in
1341 3903 1422 3967 parte

258 3990 385 4047 Guiberbi
403 3987 591 4045 Ravennanaia
608 3988 637 4042 et
654 3988 696 4041 ita
715 3987 832 4040 donatus
850 3986 900 4037 111.

326 4097 353 4165 5)
371 4093 609 4164 Andaginensium
635 4091 832 4146 monachorum
858 4087 896 4140 st.
919 4085 1041 4139 Habenti
1068 4087 1184 4156 epistola
1213 4089 1249 4143 ad
1276 4091 1420 4144 Urbanum

256 4184 354 4254 (Bouq.
374 4181 448 4236 XIV.
467 4199 493 4250 p.
514 4179 584 4250 730).
