3138 4912
603 387 896 478 Δ*

165 587 281 646 mento.
326 583 486 662 Inceptum
517 600 667 662 prospere
700 582 847 648 succedit.
892 583 1083 648 Raimuudus
1111 585 1269 648 machinas
1299 591 1331 647 et

167 683 280 745 turrim
302 682 455 758 exstruit,
479 681 612 761 Juvaute
636 681 801 749 Guilieirno
824 681 962 762 Richau,
993 683 1182 749 Godefridus
1199 685 1329 765 Juraute

165 781 565 858 GestouedeBeard01).
643 811 645 816 r
1014 805 1015 808 ¹

251 881 385 944 Ineunte
406 899 511 944 mense
535 879 620 945 Julio
642 899 748 944 omnes
769 883 884 963 copiae,
906 882 998 948 nudis
1020 883 1150 964 pedibus
1166 891 1197 946 et
1211 901 1331 948 summa

166 981 332 1045 devotione
353 981 575 1060 ingredientes,
609 981 648 1044 ad
671 982 883 1046 remissionem
905 989 1103 1064 peccatorum
1128 983 1239 1063 deique
1259 1001 1331 1064 gra-

166 1082 241 1145 tiam
272 1079 504 1162 adipiscendam
527 1081 608 1145 circa
637 1081 742 1146 urbem
772 1082 892 1146 faciunt
917 1083 1126 1148 circuitionem
1151 1083 1330 1160 solemnem,

167 1199 260 1262 quarn
286 1180 392 1244 hostes
415 1200 433 1243 e
455 1181 562 1258 muris,
584 1198 768 1262 quacunque
791 1188 923 1262 possunt
944 1184 1075 1260 rationo,
1097 1180 1297 1264 derident'2).

247 1281 305 1344 Die
327 1290 410 1346 nono
441 1281 556 1344 meusis
576 1280 651 1344 Julii
675 1281 865 1346 Godei'ridus
898 1301 967 1345 curu
990 1283 1126 1347 [doberto
1148 1282 1329 1346 Normauuo

166 1390 199 1444 et
218 1380 355 1446 Roberto
373 1380 570 1444 ¹Flandreusi
600 1389 632 1443 et
653 1380 816 1444 Taucredo
850 1401 888 1446 ex
918 1388 1008 1462 parte
1034 1381 1234 1463 orientali³),
1267 1401 1328 1462 quo

165 1481 323 1544 machinas
347 1486 441 1560 atque
463 1480 579 1545 turrim
608 1481 646 1543 dc
676 1488 766 1544 uoctc
791 1489 1103 1561 transportaverunt,
1133 1483 1182 1546 die
1211 1483 1328 1546 decimo

164 1587 280 1662 quarto
313 1581 427 1644 mensis
457 1580 532 1644 Juiii
553 1581 759 1644 ¹Raimundus
789 1581 962 1646 Tolosanus
986 1591 1130 1646 emente
1152 1584 1239 1663 Zion,
1273 1585 1329 1647 im-

163 1686 270 1762 petum
295 1688 436 1744 renovat.
480 1681 630 1760 Pugnant
652 1682 768 1746 viribus
791 1683 932 1769 intentis.
977 1685 1044 1761 Quo
1077 1683 1192 1763 ursjore
1222 1683 1328 1748 labore

163 1781 272 1845 hostes
296 1780 403 1844 urbem
425 1779 605 1859 defenduut,
628 1801 663 1844 eo
685 1782 804 1863 majore
825 1781 971 1847 violentis
995 1783 1159 1848 christiani
1179 1785 1327 1866 impetum

163 1885 377 1962 perseverant.
398 1931 399 1934 ,

246 1980 303 2043 Dic
326 1979 573 2061 decimoquinto
598 1981 711 2044 mensis
732 1981 809 2046 Julii
834 1983 908 2046 urbs
933 1985 1186 2062 expuguatrrr⁴].
1233 1985 1326 2048 Turri

163 2083 204 2146 ad
240 2099 360 2144 murum
393 2081 550 2162 applicata
580 2090 611 2144 et
633 2087 728 2160 ponte
756 2082 795 2145 de
827 2083 906 2146 turri
937 2085 967 2146 in
1000 2103 1119 2148 murum
1153 2083 1328 2164 demisso⁵)

164 2181 355 2247 Godefridus
378 2190 426 2245 cst
447 2182 479 2244 in
503 2183 619 2261 prinus,
640 2184 694 2262 qui
715 2183 745 2245 in
769 2202 856 2247 muro
880 2183 1035 2264 videntur,
1050 2183 1155 2247 hostes
1172 2184 1202 2246 in
1222 2184 1327 2247 urbem

165 2281 365 2364 repelluntt)
395 2287 427 2344 ct
459 2280 636 2344 christianis
668 2281 754 2345 urbis
781 2283 929 2362 aperiunt
950 2284 1112 2362 portas').
1156 2284 1327 2347 Duodecim

165 2382 406 2448 christianorum
439 2381 535 2444 millia
569 2401 607 2444 ex
638 2385 803 2460 sexaginta
831 2383 968 2447 hostium
998 2383 1134 2447 millibus
1167 2383 1326 2448 victoriam

164 2480 382 2564 reportaut⁸).

234 2746 260 2816 1)
276 2747 351 2800 Gest.
370 2745 414 2798 38.
453 2744 543 2798 Raim.
562 2763 588 2814 p.
610 2745 667 2799 177.

229 2849 257 2918 2)
276 2849 351 2902 Gest.
367 2847 385 2900 l.
406 2866 428 2900 c.
446 2847 537 2901 Raim.
557 2867 583 2917 p.
604 2849 662 2901 176.

229 2952 256 3020 3)
276 2952 344 3005 Rari.
364 2952 427 3004 123:
452 2953 515 3005 darn
539 2951 643 3006 exierat
668 2952 697 3005 in
727 2952 835 3006 Julinm
861 2953 947 3016 labor,
977 2970 994 3004 a
1030 2952 1131 3006 diutini
1168 2953 1327 3008 certaminis

162 3037 275 3095 exordio
294 3037 442 3107 quinquies
467 3055 516 3108 per
533 3038 719 3108 septenarium
739 3039 881 3092 revolutus
900 3041 952 3092 etc.
977 3040 1018 3092 Ad
1034 3038 1255 3092 transferendum
1273 3057 1327 3093 nox

161 3125 345 3196 eligituretc.
365 3125 581 3194 resimplet:
613 3126 675 3189 Vos,
698 3125 746 3195 qui
772 3126 841 3180 haee
866 3120 974 3195 legitis,
1007 3142 1062 3178 non
1086 3127 1190 3200 putetis
1210 3145 1326 3195 parvum

161 3214 284 3267 laborem
301 3213 387 3280 atque
404 3211 571 3265 industriam
590 3211 629 3264 ibi
646 3211 737 3268 fuisse.

226 3315 254 3382 4)
273 3314 362 3368 Raim.
380 3335 407 3385 p.
427 3317 491 3369 179:
512 3316 581 3368 haec
605 3313 663 3368 dics
687 3315 844 3370 celebratur
862 3315 924 3370 idus
941 3317 1012 3372 Julii
1039 3319 1074 3372 ad
1091 3318 1201 3372 laudem
1220 3319 1248 3372 et
1266 3319 1325 3388 glo-

160 3403 230 3456 riam
248 3401 369 3456 nominis
388 3402 498 3456 Christi.
826 3423 827 3426 ¹

230 3507 257 3575 5)
278 3507 339 3560 Aib.
359 3506 410 3573 Aq.
426 3507 473 3559 VI.
493 3507 533 3560 19.

229 3610 257 3678 6)
276 3609 350 3664 Gest.
369 3611 418 3662 38:
445 3609 533 3664 nostri
558 3608 662 3662 milites
686 3608 797 3682 fortiter
821 3611 985 3680 pugnabant
1008 3611 1037 3663 in
1051 3612 1178 3676 castello,
1197 3611 1326 3666 videlieet

159 3697 216 3749 dux
237 3695 408 3750 Godefridus.

194 3800 283 3855 Raim.
303 3820 329 3870 p.
350 3801 400 3853 178
412 3820 418 3852 ε
433 3800 508 3853 inter
519 3799 622 3868 primos
632 3800 770 3870 ingressus
783 3802 825 3854 est
837 3801 995 3856 Tenereduu
1007 3804 1036 3856 et
1051 3804 1107 3856 dux
1119 3803 1325 3876 Lotharingiae.

228 3888 255 3957 7)
273 3888 335 3941 Alb.
345 3888 396 3955 riq,
406 3887 454 3940 VI.
463 3888 491 3940 21
504 3905 509 3938 :
527 3886 640 3954 quidam
654 3886 862 3958 peregrinorum
875 3890 911 3942 ad
923 3893 1018 3958 portas
1031 3889 1106 3942 urbis
1119 3891 1323 3966 contendentes,

158 3991 245 4027 serras
279 3977 308 4028 et
342 3976 435 4029 vectes
459 3973 561 4027 ferreos
592 3972 718 4028 avellunt
741 3974 887 4043 totumque
923 3976 1024 4046 uulgus
1061 3975 1254 4039 intromittunt
1289 3979 1324 4042 ad

157 4059 300 4114 auxilium.

230 4163 257 4236 8)
276 4164 366 4218 Raim.
385 4183 412 4239 p.
432 4165 489 4224 177.
