3138 4912
685 384 971 478 mas-

236 605 385 651 romanus
407 585 456 649 vel
478 585 648 650 occidentis
669 587 835 667 principes
857 604 935 667 quos
955 606 1011 668 per
1032 588 1182 668 epistolas
1193 587 1257 668 jam
1274 587 1408 668 adierat,

239 687 298 750 sibi
312 685 433 750 ferrent
448 687 607 750 auxilium.
631 686 729 762 Quum
740 695 845 751 autern
861 688 1017 752 exercitus
1032 706 1171 768 magnos
1193 690 1244 768 qui
1263 706 1323 751 uon
1341 693 1407 750 tam

240 787 303 850 siut
324 787 477 867 proclives
500 786 539 850 ad
562 787 682 867 imperii
708 787 816 850 hostes
838 787 1098 868 prosternendos
1126 807 1218 869 quam
1243 787 1282 851 ad
1313 788 1409 866 irnpe-

241 887 320 950 rium
342 887 445 967 ipsum
469 885 658 950 vastandum
681 887 917 967 delendumque,
938 888 1020 952 circa
1043 886 1349 968 Constantinopolim
1377 905 1410 951 se

241 993 488 1068 congregaturus
511 1005 580 1050 esse
602 987 780 1068 comperiat,
812 986 860 1052 hic
892 988 1020 1052 nuntius
1049 989 1076 1051 ci
1110 1007 1169 1052 non
1200 988 1331 1068 gaudio,
1354 988 1409 1051 sed

242 1087 397 1152 formidini
418 1095 466 1154 est
489 1094 521 1151 et
542 1105 649 1168 curae,
680 1089 867 1168 praesertim
901 1107 997 1169 quum
1020 1097 1052 1152 et
1075 1090 1218 1154 nuntium
1240 1089 1411 1170 perferant,

244 1187 471 1268 Boamundum
494 1187 624 1252 Tarenti
647 1183 817 1269 principem
839 1207 981 1267 auarum,
1001 1189 1204 1254 ambitiosum
1229 1196 1261 1253 et
1283 1190 1411 1254 ultionis

244 1290 401 1371 cupidum,
425 1308 462 1353 ex
485 1289 596 1370 Apulia
619 1307 686 1353 cum
712 1289 847 1352 exercitu
872 1287 1021 1353 accedere
1042 1289 1081 1354 ad
1102 1289 1411 1370 Constantinopolim.

246 1389 396 1454 Rationes
424 1389 563 1454 diversas
595 1390 653 1452 init
682 1389 824 1470 Alexius,
855 1395 891 1453 ut
920 1407 957 1453 ex
987 1389 1188 1454 incommodis
1216 1390 1275 1454 sibi
1307 1389 1412 1454 allatis

245 1489 404 1553 liberetur.
449 1489 549 1553 Prout
571 1489 711 1554 salutare
741 1490 800 1554 sibi
827 1483 970 1568 videtur,
989 1491 1084 1554 modo
1111 1489 1298 1570 blanditiem,
1321 1491 1413 1554 modo

247 1591 307 1654 vim
330 1589 468 1670 adhibet,
492 1608 531 1653 ne
553 1591 669 1671 copiae,
695 1590 816 1671 imperii
836 1589 950 1654 tinibus
968 1591 1267 1671 appropinquantes,
1285 1609 1341 1654 nec
1355 1590 1413 1654 sibi

246 1708 348 1771 neque
378 1691 509 1772 imperio
543 1691 615 1771 quid
647 1691 825 1755 ‹letrimenti
863 1691 1044 1771 importent.
1089 1691 1243 1771 Imprimis
1288 1709 1415 1756 necesse

247 1790 343 1854 habet
364 1809 469 1854 earum
494 1791 621 1854 ducibus
642 1791 736 1872 potiri
760 1810 873 1874 eosque
895 1789 966 1855 fidei
985 1791 1191 1871 jurejurando
1206 1791 1413 1871 obstringere,

249 1895 284 1954 ut
294 1889 352 1954 sibi
366 1890 494 1954 tradant
509 1907 616 1954 omnes
638 1892 824 1972 provincias
851 1909 930 1972 quas
953 1891 983 1954 in
1005 1891 1088 1954 bello
1110 1898 1218 1954 contra
1240 1891 1411 1956 Saracenos

249 1989 385 2070 gerendo
406 1991 471 2054 sint
492 1993 711 2071 expugnaturi.

331 2089 467 2156 Primum
489 2091 623 2170 Hugoue
648 2092 777 2171 Magno,
801 2091 1006 2172 Dyrrachium
1031 2094 1180 2174 appulso,
1212 2091 1339 2154 lilexius
1362 2109 1416 2172 po-

252 2187 383 2273 titur¹).
431 2189 564 2270 Captum
594 2197 627 2256 et
656 2190 958 2272 Constantinopolim
982 2191 1418 2272 ductum,quantu1nvisre·

251 2291 432 2372 luctantem,
455 2291 494 2354 ad
517 2290 587 2354 lidei
605 2289 824 2374 jusjurandum
845 2291 954 2372 adigit.

335 2390 536 2456 Godefridum
557 2411 681 2474 quoque
705 2392 814 2455 ditioni
840 2411 916 2455 suae
938 2393 1089 2474 subiicere
1112 2391 1221 2454 studet
1235 2387 1417 2468 Alesiam),

254 2496 286 2555 et
309 2490 411 2555 verbis
436 2491 560 2556 blandis
590 2499 620 2555 et
642 2493 669 2556 vi
693 2498 800 2568 utens,
827 2495 879 2557 sed
910 2513 965 2574 per
993 2494 1116 2572 longum
1141 2497 1265 2572 tempus
1288 2489 1419 2552 frustra.

253 2591 398 2656 Nondum
430 2592 506 2655 urbe
527 2593 621 2656 'Nissa
652 2599 737 2657 tacta
770 2593 961 2658 Godefridus
990 2611 1045 2674 per
1066 2593 1187 2672 legatos
1207 2597 1356 2670 rogatur,
1385 2596 1420 2652 ut

253 2692 440 2772 prospiciat,
462 2693 593 2772 nequid
619 2693 749 2773 injuriae
772 2699 866 2774 atque
886 2693 1093 2757 contumeliae
1113 2710 1132 2754 a
1155 2691 1251 2771 copiis
1274 2691 1338 2754 suis
1362 2691 1419 2753 im·

254 2793 332 2872 perii
345 2797 457 2871 gentes
473 2795 575 2872 graeci
590 2795 752 2874 accipiant.
777 2794 900 2870 Alexius
915 2799 1025 2870 gentes
1039 2811 1136 2872 parvo
1149 2793 1250 2872 pretio
1263 2791 1366 2854 omnia
1379 2789 1419 2852 ad

256 2893 350 2954 vitam
374 2895 550 2956 necessaria
569 2894 666 2974 copiis
690 2894 872 2957 vendituros
893 2909 961 2957 esse
984 2893 1157 2974 pollicetur.
1202 2893 1326 2956 Summo
1346 2907 1421 2972 gau-

256 2992 308 3054 dio
353 2992 542 3056 Gorlclridus
585 2993 640 3056 dat
685 2994 793 3058 Alexio
822 2993 925 3064 tidem,
968 2993 1026 3056 sibi
1058 3012 1152 3079 purae
1179 2995 1330 3056 maximae
1353 3007 1422 3054 esse

257 3091 412 3173 futurum,
447 3111 485 3156 ue
515 3094 621 3173 copiae
652 3093 828 3157 borrestatis
863 3094 1044 3175 ordinisque
1082 3095 1242 3176 terminos
1261 3091 1421 3155 excedant.

258 3193 386 3272 legatis
420 3195 552 3256 reversis
587 3193 774 3257 Gorlefridus
814 3212 883 3256 cum
918 3195 1054 3258 exercitu
1090 3193 1130 3258 ad
1165 3193 1258 3257 urbes
1290 3193 1423 3266 Nissam

260 3293 407 3372 Sternitc,
436 3293 627 3374 Phinopolim
663 3294 812 3374 pervenit.
855 3292 978 3373 Ubique
1015 3295 1121 3375 copiae
1155 3293 1297 3357 omuibus
1319 3290 1422 3369 rebus

258 3411 391 3472 quarum
417 3394 456 3456 ad
483 3394 575 3456 vitam
598 3393 750 3473 iuligmt,
772 3413 836 3473 per
850 3395 1046 3474 imperatoris
1071 3393 1249 3458 beneficium
1268 3391 1423 3455 uberrime

260 3494 433 3558 abundant.
477 3493 638 3575 Phinopoli
662 3502 766 3557 autem
791 3515 827 3556 ax
850 3495 1011 3574 inopinato
1034 3495 1162 3556 nuntius
1174 3493 1304 3556 affertur
1319 3491 1424 3554 Gode·

259 3593 352 3672 frido,
395 3593 558 3672 Hugonem
589 3593 737 3672 Magnum
769 3594 1042 3675 Constantinopoli
1072 3595 1228 3674 captivum
1259 3591 1357 3655 teneri
1384 3588 1423 3652 ab

259 3693 377 3758 Alexio.
421 3694 494 3757 Siue
523 3713 612 3758 niara
633 3693 821 3758 Gorlefridus
850 3695 971 3774 lagatos
998 3695 1096 3757 mittit
1118 3693 1156 3756 ad
1182 3693 1341 3768 alexium,
1372 3689 1424 3769 qui

332 3910 358 3978 1)
377 3899 454 3963 Will'.
478 3910 541 3978 Tyr.
561 3908 596 3961 ΙΙ.
622 3909 647 3960 4.
686 3909 748 3963 Alb.
774 3911 826 3978 Aq.
846 3910 881 3963 ΙΙ.
901 3911 924 3964 7.
955 3909 1050 3963 Fuloh.
1074 3908 1126 3962 IL:
1146 3905 1339 3975 Imprudenter
1361 3923 1424 3958 cum

258 3995 369 4066 agmine
387 4012 450 4050 raro
472 3996 574 4049 vadens
594 3995 708 4064 (liugn),
730 3995 770 4049 ibi
784 3998 870 4066 (apud
889 3997 1024 4050 Durat-am
1042 3993 1150 4062 urbem)
1174 3992 1210 4046 ab
1228 3991 1294 4061 ipsis
1319 3991 1425 4046 civibus

257 4085 354 4152 captus
373 4085 414 4136 est
432 4084 483 4136 etc.

325 4189 353 4265 a)
372 4187 435 4242 arn.
454 4187 506 4259 aq.
518 4186 553 4240 11.
572 4185 648 4241 r-a.
685 4185 763 4242 war.
783 4187 847 4258 cyr.
866 4189 902 4242 11.
919 4189 943 4242 a.
