3138 4912
726 459 729 466 ¹
815 387 855 448 48

248 587 279 643 et
311 599 368 659 ego
397 585 538 644 revertar
566 579 605 643 ad
635 600 700 646 ros.
744 581 776 647 Si
804 579 953 663 feceritis
971 595 1083 664 'usque
1112 585 1151 648 ad
1180 586 1315 666 quinque
1345 586 1410 650 dies
1454 641 1457 646 ⁴

249 681 343 744 vestri
366 681 535 743 miserebor
549 682 585 757 ¹).

251 821 254 826 ,
311 767 422 842 ¹Nunc
450 798 546 860 quum
583 783 715 845 maxime
743 801 845 847 ceram
877 784 973 862 copiis
1001 781 1217 863 praesentibus
1252 785 1410 866 principes

240 882 372 961 jurant,
393 899 426 942 se
448 899 591 960 pugnare
615 902 673 945 nun
698 901 767 946 esse
790 884 959 962 desiturus,
984 886 1042 946 nisi
1064 884 1208 947 hostibus
1230 885 1408 962 devictis‘2).

330 982 380 1045 Ita
407 980 457 1058 fit,
488 987 523 1044 ut
552 981 682 1062 militm,
712 984 814 1046 anime
843 990 947 1047 sumto
978 984 1107 1062 receuti,
1142 985 1172 1046 in
1200 985 1248 1047 his
1280 985 1410 1048 miseriis

153 1143 156 1151 ,
248 1083 388 1144 maximis
403 1100 540 1161 pugnam
562 1082 603 1146 ad
623 1082 767 1146 ultimum
791 1083 950 1148 adducant
972 1083 1145 1148 discrimen.
1189 1083 1325 1148 Maxima
1340 1104 1408 1147 euru

131 1253 133 1258 ,
245 1181 395 1244 uiolentia
424 1182 622 1262 expostulant
650 1201 669 1245 a
695 1183 902 1264 principibus
938 1189 973 1246 ut
1002 1203 1037 1246 ex
1070 1185 1145 1248 urbe
1163 1185 1348 1249 educantur
1379 1185 1409 1247 in

206 1311 209 1319 ·
247 1284 362 1347 hostes

330 1383 415 1459 Quae
441 1399 509 1445 cum
534 1381 578 1444 ita
600 1380 671 1458 sint,
693 1381 849 1462 principes
870 1382 908 1444 ad
931 1382 1109 1463 Kerbngam
1132 1384 1262 1446 mittunt
1283 1383 1409 1445 Petrum

247 1483 424 1559 eremitam,
453 1481 505 1560 qui
527 1479 680 1562 postulet,
705 1491 741 1544 ut
763 1481 912 1558 herenee
935 1500 1001 1544 cum
1024 1483 1224 1562 doluissem,
1253 1481 1411 1547 obsidione

248 1582 332 1646 urbis
355 1580 503 1656 liberata,
532 1581 563 1642 in
593 1581 725 1660 patriam
749 1582 868 1645 redeat.
913 1581 1061 1646 Kerbuea
1091 1587 1194 1647 autem
1217 1582 1409 1662 postulatum

248 1683 405 1760 <denegans
429 1677 650 1760 superbissime.
673 1681 761 1761 dicit,
785 1700 818 1744 se
848 1667 1004 1746 vindicare
1028 1682 1241 1763 Antiochiam,
1270 1683 1409 1762 ahoquin

247 1802 280 1844 se
302 1782 490 1846 christianos
522 1781 561 1842 ad
596 1787 728 1842 mortem
757 1782 899 1845 ‹latrurunr
930 1790 986 1845 aut
1019 1783 1048 1845 in
1072 1791 1255 1863 perpetuam
1281 1783 1410 1863 captivi-

248 1889 343 1945 tatem
368 1881 617 1960 servitutemque
640 1897 709 1942 esse
733 1881 944 1944 abducturum
958 1884 995 1958 3).

330 1982 490 2060 Responsa
511 1980 618 2043 ablato
643 1981 750 2069 copiae
773 1981 963 2044 christianae
994 1982 1052 2045 sihi
1076 1983 1241 2062 imponunt
1260 1983 1409 2063 jejunium

246 2101 304 2162 per
332 2081 466 2144 triduum
500 2084 676 2160 parentque
705 2081 824 2158 studio
842 2083 924 2144 inter
952 2080 1011 2145 hoc
1041 2089 1164 2162 tempus
1195 2101 1332 2162 pugnam
1365 2075 1420 2143 in--¹
1470 2161 1472 2166 ¹
1560 2133 1561 2138 ,

144 2239 146 2246 ,
247 2187 391 2245 stantem.
413 2181 480 2257 Qun
503 2179 608 2243 triduo
631 2182 803 2260 praeterito
826 2183 980 2262 principes
1002 2184 1107 2262 copias
1124 2202 1159 2244 ex
1178 2183 1254 2244 urhe
1272 2183 1409 2244 educunt
1560 2167 1561 2172 ¹

243 2284 446 2360 diriguntqne
482 2279 577 2342 aciem
592 2282 623 2355 4)
657 2299 673 2342 e
705 2282 829 2360 regione
855 2283 990 2346 hostium
1021 2291 1208 2360 castrorum,
1237 2282 1312 2344 urim
1336 2280 1408 2342 Rai-

247 2382 348 2446 mundi
373 2380 491 2458 aegroti
518 2378 634 2442 tutelae
650 2370 1114 2460 coemendata⁵).'Exercims-
1129 2381 1254 2460 agmina
1277 2379 1407 2456 hingone

247 2482 379 2560 Magne,
417 2479 554 2544 Rabirio
588 2479 789 2560 h'landrensi,
823 2482 992 2544 Gorhdridc
1020 2482 1194 2560 ceterisque
1214 2479 1408 2558 principibus

246 2582 374 2647 ducibus
396 2585 504 2644 ineunt
525 2597 673 2659 pugnam.
716 2581 824 2657 Pugna
847 2589 896 2643 est
917 2582 1032 2660 impar,
1055 2599 1173 2662 arturus
1188 2585 1223 2641 ut
1245 2577 1340 2659 supra
1364 2579 1407 2641 di-

181 2730 184 2746 .
248 2684 360 2761 ximus,
383 2682 535 2744 adversus
570 2678 810 2744 christianorum
848 2687 970 2761 centum
1005 2679 1135 2758 triginta
1174 2679 1235 2741 tria
1269 2679 1407 2756 rodhart

315 2847 341 2915 1)
359 2845 449 2898 Raim.
468 2863 495 2913 p.
515 2843 572 2897 152.
608 2843 681 2897 Gest.
703 2843 743 2897 24.

313 2935 345 3002 2)'
359 2933 432 2986 Gest.
451 2931 469 2983 l.
489 2947 525 2984 a:
550 2929 709 2995 Tuncredus,
724 2947 788 2984 vero
803 2929 923 3000 juravit,
942 2930 1008 3000 quia
1027 2931 1160 2998 quamdiu
1179 2948 1270 2984 secum
1289 2932 1408 2998 quadra⁴

245 3022 324 3092 ginta
344 3018 446 3072 milites
465 3016 593 3079 haberet,
620 3033 674 3070 non
693 3017 780 3088 solum
799 3033 832 3069 ex
851 3016 901 3070 illo
918 3017 1006 3081 bello,
1032 3018 1179 3072 sedetiam
1198 3018 1234 3070 ab
1252 3017 1409 3086 Hierosoly-

161 3173 164 3181 ,
243 3108 349 3164 mitann
366 3104 466 3157 itinere
486 3120 541 3156 non
560 3105 630 3156 esset
649 3099 811 3157 recessurus.
1388 3153 1391 3158 ⁴

310 3194 338 3261 3)
358 3191 432 3245 Gest.
441 3190 482 3264 28.
501 3188 690 3258 heimplta
704 3188 1408 3258 1111111111.15*16,Α]ι).,1ᾳ.11.44-46.
1436 3184 1439 3190 ’

310 3279 339 3347 4)
359 3277 481 3330 Gestae.
501 3276 562 3330 Alb.
571 3276 715 3344 salvat
724 3294 729 3327 :
746 3293 826 3328 mane
834 3277 1016 3344 autemiact0‚
1030 3297 1123 3332 omncs
1131 3278 1160 3330 in
1169 3277 1251 3330 armis
1264 3276 1407 3330 christiani

243 3365 347 3418 milit-es
356 3365 544 3417 convenerunt
558 3361 805 3430 quartukaldulii.
820 3362 915 3430 Fulch.
925 3365 968 3418 14:
982 3364 1238 3440 exieruntOEranci)
1247 3364 1280 3417 dc
1291 3362 1409 3416 civitate

243 3468 348 3505 summo
362 3466 451 3512 mane,
468 3450 542 3516 quod
560 3451 660 3516 quarto
680 3448 731 3502 cal.
750 3444 817 3502 Juh'i
831 3450 898 3502 ‘tune'
916 3451 1017 3504 evenit.
1242 3447 1244 3453 ’

278 3566 280 3570 -
312 3536 338 3605 5)
358 3536 421 3588 ΑΗ).
441 3535 491 3603 Aq.
511 3535 557 3588 IV.
575 3535 617 3588 48.
653 3535 730 3588 Will.
749 3536 812 3604 Tyr.
829 3535 876 3588 Vi.
891 3537 938 3589 17.

311 3623 339 3690 6)
357 3619 475 3675 Orderic.
494 3620 551 3674 Vit.
570 3640 595 3690 p.
613 3617 680 3674 741:
704 3620 732 3674 in
752 3622 844 3690 prima
862 3621 921 3676 acic
947 3621 1002 3674 fuit
1016 3623 1099 3691 Hugo
1118 3622 1235 3691 Magnus
1255 3641 1317 3676 cum
1336 3622 1408 3678 Rod-

242 3711 322 3764 berto
344 3707 506 3761 Flandrensi
530 3707 630 3761 comite
654 3709 684 3760 et
708 3707 786 3761 XXX
812 3708 923 3761 milibus
944 3709 1112 3762 Francorum
1138 3711 1167 3762 et
1191 3708 1408 3763 Flandrensium.

242 3797 275 3850 In
293 3794 413 3848 secunda
431 3792 594 3847 Gadeiridus
620 3794 677 3846 dux
698 3812 760 3847 enm
778 3795 855 3848 XXX
875 3793 987 3848 milibus
1006 3797 1057 3850 etc.
1091 3796 1123 3849 In
1147 3795 1231 3849 tertia
1252 3795 1408 3856 Radbertus

243 3884 299 3936 dux
317 3881 540 3935 Normannorum
559 3896 621 3932 cum
640 3879 690 3932 XV
709 3879 822 3932 milibus
839 3883 890 3932 etc.
932 3881 965 3932 In
983 3883 1084 3949 qrrarta
1102 3882 1248 3937 Haimarus
1267 3881 1408 3936 Pcdiensis

243 3967 384 4038 episcopus
402 3969 453 4020 etc.
490 3967 521 4038 In
540 3965 640 4033 quinta
658 3966 815 4018 Rainardus
834 3967 1038 4020 strenuissimus
1056 3985 1224 4022 comessum
1243 3969 1280 4022 lv
1296 3968 1408 4022 milibus

239 4057 293 4110 etc.
329 4054 361 4107 Iu
386 4055 465 4108 sexta
486 4052 643 4106 'Pancredus
671 4069 734 4106 cum
768 4051 806 4104 IV
838 4051 949 4105 milibus
984 4052 1184 4122 Apuliensium.
1223 4055 1255 4106 In
1291 4055 1408 4124 septima

242 4142 419 4194 Boamundns
437 4157 499 4192 cum
516 4139 593 4191 XXX
613 4138 725 4191 milibus
744 4140 794 4191 etc.
831 4137 951 4192 Ultimus
975 4139 1044 4193 exiit
1067 4141 1100 4192 de
1118 4139 1200 4203 urbe,
1225 4143 1257 4193 ut
1281 4142 1407 4196 omnibus

175 4269 178 4276 .
243 4227 399 4298 provideret
425 4229 453 4280 et
486 4226 659 4296 singulorum
684 4226 713 4278 in
739 4223 949 4297 necessitatibus
980 4227 1059 4278 tutus
1086 4227 1201 4280 adesset.
1235 4226 1407 4281 Raimundus

195 4335 196 4340 ¹
243 4315 395 4368 Tolosanus
415 4309 476 4365 cunr
496 4313 546 4366 XX
563 4311 676 4366 milibus
690 4313 725 4364 ad
745 4302 954 4365 custodiendam
972 4312 1069 4365 urbem
1086 4313 1219 4367 remansit
1236 4316 1287 4368 etc.
1394 4327 1396 4330 ·
