3138 4912
794 330 960 422 ue*

667 411 862 422 ———-—.

232 523 374 589 hostibus
399 526 520 590 obviam
535 527 676 608 procedit
691 527 732 592 ad
748 527 933 594 Ascalonem
943 525 975 603 ι)
990 546 1058 592 cum
1071 530 1182 593 ceteris
1196 526 1399 610 principibus,

234 623 292 689 Die
314 625 431 690 decimu
454 634 568 708 quarto
585 628 701 692 mensis
717 629 853 707 Augusti
868 627 908 691 ad
923 628 1105 692 Ascalonem
1118 647 1223 710 pugna
1239 633 1400 709 pugnatur

233 724 437 808 acerrimall.
481 726 634 792 Numerus
649 746 771 809 ¹parvus
796 728 928 792 militum
946 728 1188 792 christianorum
1207 746 1243 791 ex
1257 727 1400 792 hostibus

233 823 510 892 innumerabilibus
535 827 696 892 victoriam
717 829 917 909 reportate).
959 828 1039 894 Item
1063 828 1253 893 Godefridus
1275 828 1401 892 excellit

236 924 352 989 virtute
382 928 614 1007 gloriosissima.
659 928 782 1009 Impetu
817 929 953 994 violento
987 931 1018 993 in
1050 929 1237 1010 Aethiopum
1270 928 1398 992 tortium

236 1031 268 1088 et
290 1025 362 1090 belli
384 1029 554 1108 peritorum
572 1029 669 1094 aciem
690 1027 774 1093 facto
797 1027 902 1094 bostos
924 1031 969 1094 ita
991 1030 1141 1112 dissipat,
1164 1034 1214 1110 ut,
1237 1027 1399 1093 Tancredo

236 1132 268 1190 et
289 1126 460 1192 Eustacbio
477 1129 565 1193 simul
583 1129 730 1209 impetum
745 1129 876 1194 mediam
892 1131 922 1193 in
937 1129 1075 1195 hostium
1090 1130 1188 1194 aciem
1207 1129 1401 1208 facientibus,

237 1245 361 1306 pugnae
394 1227 486 1292 finem
516 1229 744 1310 constituat⁴].
787 1229 902 1295 Hostes
938 1231 969 1294 in
1003 1229 1110 1310 lugam
1141 1247 1175 1294 se
1205 1235 1400 1294 convertunt.

237 1325 425 1409 Perruptum
459 1333 509 1393 est
539 1329 721 1410 periculum.
765 1331 881 1394 Iterum
924 1330 1119 1412 triumphant
1158 1330 1320 1395 christiani
1362 1331 1401 1393 de

238 1427 345 1492 iisdem
376 1429 559 1507 hostibus⁵)
588 1430 798 1510 praedamque
833 1431 960 1511 pariunt
1004 1431 1212 1511 ingentem⁶).
1255 1430 1401 1494 Hostium

238 1529 331 1592 occisi
352 1536 427 1594 sunt
447 1529 581 1609 triginta
604 1528 755 1608 milliar).
819 1575 820 1581 η

320 1629 536 1696 Miserandum
565 1636 630 1708 est,
658 1631 741 1711 quod
770 1629 846 1694 urbs
870 1629 1003 1694 Ascalon
1033 1636 1163 1710 propter
1189 1631 1349 1695 Godeiridi
1371 1637 1404 1694 et

198 1767 200 1772 ,
238 1729 407 1794 Raimundi
440 1729 628 1794 discordiam
657 1730 688 1792 in
721 1730 872 1794 victorum
912 1747 973 1793 nun
1015 1731 1136 1794 venerit
1168 1733 1402 1812 possessionem.

239 1831 320 1894 Dum
344 1831 426 1894 enim
445 1831 642 1896 Raimundus
666 1829 774 1896 urbem
796 1829 937 1896 vindicat
957 1848 1065 1908 suam,
1086 1830 1275 1897 Godefridus
1298 1838 1404 1896 autem

303 2019 330 2088 1)
349 2017 426 2072 Will.
445 2017 509 2087 Tyr.
527 2015 575 2070 IX.
596 2015 641 2068 11:
661 2013 754 2069 effusis
772 2033 865 2072 coram
883 2018 936 2073 deo
952 2018 1128 2088 praecordiis.

309 2105 337 2172 2)
358 2105 432 2160 Gest.
449 2105 491 2158 39.

308 2192 335 2261 3)
355 2190 432 2245 Will.
451 2189 515 2260 Tyr.
533 2189 628 2244 lxta:
646 2191 733 2245 Erant
751 2189 789 2244 eis
805 2188 984 2259 (christianis)
997 2189 1123 2259 equiturn
1142 2190 1218 2244 mille
1228 2190 1347 2254 ducenti,
1359 2209 1404 2259 pe-

239 2278 331 2332 ditum
349 2295 413 2332 vero
431 2277 504 2331 circa
519 2294 620 2331 novem
638 2275 735 2331 millia.

277 2365 364 2418 ltaim.
381 2383 408 2434 p.
428 2364 502 2418 lau:
524 2364 554 2418 in
576 2364 697 2418 exercitu
719 2365 812 2418 nostro
835 2380 919 2432 supra
936 2362 1013 2416 mille
1029 2363 1162 2416 ducentos
1177 2361 1337 2416 dubitanter
1356 2364 1403 2418 ad·

375 2451 527 2515 scribimus,
541 2451 589 2505 sed
598 2455 627 2506 et
633 2449 760 2520 peditum
771 2447 980 2504 multitudinem
995 2449 1072 2502 ultra
1085 2465 1183 2503 novem
1197 2448 1286 2503 millia
1304 2451 1404 2520 produ-

378 2555 437 2594 cere
456 2555 512 2592 uon
529 2539 669 2592 audemus.

274 2645 343 2699 Rad.
360 2643 428 2697 138:
447 2643 518 2696 'Pota
534 2641 654 2701 fremens
672 2640 818 2710 Aegyptus
836 2637 962 2706 equitum
981 2636 1111 2691 trecentis
1128 2637 1251 2692 millibus
1267 2655 1407 2710 sexagena

381 2731 571 2785 cumulaverat
594 2728 760 2794 miseratque
782 2726 917 2780 bellatum
937 2722 1061 2792 peditum
1082 2742 1214 2780 numerus
1234 2724 1305 2779 sicut
1321 2725 1406 2780 maris

381 2834 472 2871 arena.

277 2907 351 2960 Gest.
376 2905 425 2958 39:
450 2901 662 2956 Ammiravissua
692 2899 871 2969 lacrymando
898 2896 984 2951 dixit:
1013 2896 1080 2962 Quis
1105 2915 1229 2966 unquam
1259 2897 1329 2952 vidit
1362 2899 1406 2951 vel

376 2989 485 3045 audivit
502 2987 591 3043 talia?
610 2989 699 3041 Tanta
718 2988 852 3056 potestas,
871 2987 951 3040 tanta
969 2984 1069 3048 virtus,
1094 2986 1176 3038 tanta
1195 2984 1310 3048 militia,
1336 3002 1406 3037 nun-

382 3095 466 3147 quam
485 3077 520 3130 ab
539 3075 598 3129 ulla
616 3076 700 3144 gente
717 3075 860 3143 superata,
878 3073 959 3126 modo
977 3089 995 3125 a
1012 3071 1126 3126 tantilla
1142 3075 1225 3142 geute
1243 3071 1406 3125 christiano-

381 3183 451 3228 rum,
468 3163 542 3232 quod
554 3162 583 3215 in
595 3161 702 3232 pugillo
721 3160 920 3231 putestclaudi,
933 3159 1060 3215 devicta?
1079 3159 1140 3214 Huc
1154 3158 1273 3213 conduxi
1286 3158 1407 3214 ducenta

384 3251 462 3306 milia
480 3249 601 3304 militum
620 3249 670 3302 etc.

314 3342 342 3411 A)
358 3340 420 3394 Alb.
439 3340 490 3407 Aq.
509 3336 557 3391 VI.
573 3337 616 3390 47.

317 3445 344 3514 5)
363 3443 457 3498 Fulch.
476 3443 520 3496 19:
545 3458 608 3494 raro
624 3437 747 3494 exercitu
766 3438 832 3490 deus
851 3437 894 3489 tot
913 3435 1001 3490 millia
1018 3437 1184 3506 perfidorum
1203 3439 1330 3508 dissipari
1348 3459 1407 3509 per-

246 3533 329 3588 misit.
367 3530 444 3584 Will.
462 3529 526 3598 Tyr.
544 3528 592 3582 IX.
610 3527 658 3580 12:
678 3524 771 3595 palme
785 3523 864 3576 nubis
882 3521 940 3576 siue
958 3523 1053 3576 labore
1073 3540 1206 3578 concessa.

318 3619 345 3688 6)
364 3615 440 3671 Will.
460 3615 524 3685 Tyr.
543 3614 590 3668 IX.
610 3614 655 3667 12:
675 3611 782 3666 onerati
802 3609 939 3663 manubiis
955 3612 984 3662 et
994 3609 1125 3684 praedam
1141 3610 1298 3665 inauditam
1317 3629 1409 3666 secum

246 3706 387 3762 trahentes
409 3733 438 3741 —
458 3718 545 3770 usque
563 3701 599 3752 ad
616 3716 747 3752 nauseam
767 3696 869 3752 satiati.

282 3793 374 3846 Fulch.
395 3791 441 3844 19:
461 3787 629 3843 Invenerunt
646 3785 675 3838 in
692 3783 820 3838 tentoriis
830 3801 911 3852 gazas
925 3781 1111 3847 multimodas,
1125 3799 1232 3846 aurum,
1253 3786 1408 3853 argentum,

382 3877 476 3947 pallia,
494 3873 634 3936 induvias,
654 3871 758 3941 lapides
781 3869 913 3940 pretiosus
937 3871 988 3924 etc.
1025 3870 1208 3939 Reperierunt
1226 3870 1311 3924 etiam
1330 3874 1409 3926 uten-

382 3963 444 4018 silia
463 3959 645 4016 multiformia
667 3962 696 4012 et
713 3957 832 4028 galletus
850 3959 961 4012 auratos
988 3958 1017 4011 et
1037 3956 1136 4011 anulos
1161 3956 1293 4026 optimos,
1320 3976 1409 4013 enses·

381 4069 436 4120 que
454 4048 595 4111 miribiles,
614 4061 760 4110 annonam,
778 4043 896 4099 farinam
917 4045 945 4099 et
962 4045 1055 4100 cetera
1073 4044 1169 4098 multa.

320 4140 348 4209 7)
366 4137 428 4192 Alb.
447 4137 498 4205 Aq.
517 4134 563 4189 VI.
583 4134 624 4188 50.
