3138 4912
235 1397 330 1508 Inter
359 1432 443 1495 viros
471 1431 590 1496 nobiles
619 1432 770 1495 historiae
799 1431 996 1512 germanicae
1019 1429 1206 1496 Godefridus
1231 1430 1303 1494 Bul·
1403 1449 1405 1454 ·

136 1531 301 1609 lionensis,
334 1531 557 1609 Lotharingiae
580 1529 734 1596 inferioris
764 1533 838 1612 dux,
873 1533 972 1596 locum
996 1531 1119 1595 obtinet
1140 1533 1303 1612 insignem.

137 1633 250 1695 Amore
280 1631 337 1695 Dei
368 1637 401 1694 et
433 1629 551 1694 Christi
581 1638 683 1694 motus
712 1633 816 1696 omnia
844 1631 1307 1734 §Qmisslllllllllln--jt-QQ
1347 1645 1490 1786 W

136 1732 263 1811 longum
280 1751 349 1796 oum
368 1731 507 1794 exercitu
522 1749 637 1810 magno
653 1731 683 1794 iu
700 1734 861 1811 orientem,
885 1729 997 1796 famem
1015 1732 1161 1811 sitimque
1173 1734 1303 1820 patitur,

137 1832 215 1895 alias
244 1833 364 1895 itineris
394 1831 555 1895 molestias
583 1829 703 1912 perfert
737 1839 768 1894 et
798 1832 954 1913 pericula,
989 1831 1086 1894 vitam
1116 1833 1215 1912 ipsam
1248 1850 1303 1910 pro

137 1931 232 1995 nihilo
255 1937 359 2012 putat,
381 1935 416 1994 ut
440 1938 550 1995 contra
573 1931 692 1994 Turcas
715 1932 868 2022 defendat
883 1929 1041 1996 Christum
1066 1932 1304 2012 redemptorem,

136 2039 171 2097 ut
194 2031 315 2095 Turoae
337 2031 375 2096 de
398 2029 515 2095 Christi
530 2031 682 2111 'sepulcro
706 2031 904 2111 depellantur
926 2037 959 2095 et
980 2037 1015 2096 ut
1037 2032 1067 2094 in
1092 2040 1178 2096 terra
1194 2040 1303 2098 sancta

137 2134 347 2202 constituatur
369 2149 501 2210 regnum
524 2131 740 2196 christianum.
771 2147 774 2152 ·

240 2233 401 2315 Inceptum
418 2231 473 2294 Dei
493 2230 607 2314 auxilio
628 2249 779 2311 prospere
793 2231 955 2309 processit.
1001 2231 1115 2296 Christi
1131 2233 1303 2313 sepulcrum

19 2338 32 2352 ⁴
138 2333 301 2396 liberatur.
345 2331 488 2416 Eripitur
510 2349 547 2393 ex
572 2329 743 2394 Turoarum
766 2329 911 2393 manibus
936 2336 1038 2394 terrae
1062 2339 1188 2396 sanotae
1209 2335 1304 2414 impe-

137 2435 224 2497 rium.
269 2430 478 2510 Codefridus,
501 2449 624 2594 semler
648 2439 680 2495 et
702 2431 816 2510 ubique
839 2431 896 2494 Dei
920 2432 1068 2512 gloriam,
1092 2451 1250 2513 nunquam
1272 2431 1309 2498 et

137 2551 289 2614 nusquam
319 2532 482 2595 terrestria
509 2550 560 2594 sec
582 2539 651 2612 tuS,
683 2533 772 2611 regni
800 2549 855 2594 rex
883 2533 1004 2611 primus
1027 2531 1303 2668 Hierosolyfritani

136 2632 272 2712 eligitur.

240 2731 447 2808 Quamobrem
471 2728 661 2793 Godelridus
683 2731 714 2793 in
734 2731 871 2794 virorum
897 2730 1155 2796 nobilissimorum
1176 2722 1303 2798 nunrero

138 2831 246 2911 populi
270 2831 440 2909 germanici
462 2835 494 2892 et
515 2828 665 2893 historiae
694 2832 893 2910 germanicae
924 2838 973 2894 est
1001 2831 1173 2896 habendus.
1223 2834 1302 2896 Num

137 2931 225 2995 uobis
255 2947 382 2993 necesse
410 2935 459 2992 est
490 2930 581 3010 plura
619 2930 758 3009 prolerre
788 2937 993 3012 argumenta,
1025 2949 1105 3012 quae
1133 2932 1172 2995 ad
1207 2934 1301 2996 vitam

138 3029 298 3096 Godelridi
323 3029 519 3092 tractandam
542 3047 598 3092 nos
622 3030 854 3109 permoverint‘?

235 3128 300 3194 Sub
324 3127 419 3191 seculi
442 3127 594 3190 undecimi
616 3125 710 3190 finem
732 3129 867 3192 omnium
892 3128 972 3193 oculi
1002 3129 1032 3192 in
1056 3130 1207 3194 orientem
1229 3139 1305 3195 sunt

137 3229 286 3293 conversi.

231 3327 405 3408 Gregorius
427 3327 487 3390 Vll
510 3343 592 3407 papa
616 3343 722 3389 omnes
749 3326 832 3390 vires
854 3327 1003 3407 intendit,
1035 3335 1070 3391 ut
1099 3328 1302 3394 theocratiam

138 3429 346 3492 universalem
375 3427 524 3490 instituat
555 3431 587 3489 et
619 3426 703 3490 orbis
736 3431 891 3490 terrarum
920 3429 1074 3508 principes
1103 3431 1304 3512 populosque,

138 3529 268 3592 clericos
298 3534 330 3591 et
358 3527 468 3606 laicos,
500 3527 589 3590 nutui
619 3525 834 3608 voluntatique
866 3528 977 3590 summi
1009 3529 1145 3610 episcopi
1175 3531 1304 3596 lloroaui

137 3627 234 3692 faciat
258 3627 438 3708 obedientes
455 3627 489 3707 ¹).

208 3813 234 3880 1)
253 3811 380 3865 Dictatus
398 3829 486 3881 papae
509 3811 602 3882 (Greg.
624 3811 702 3880 epist.
723 3812 758 3874 ΙΙ,
777 3811 836 3880 55);
930 3873 933 3880 ι

277 3897 445 3966 quod-solus
466 3897 552 3966 possit
570 3898 613 3950 uti
632 3897 822 3968 imperialibus
840 3896 975 3966 insigniis,

276 3986 352 4052 quod
372 3983 456 4037 solius
474 4001 562 4054 papae
581 3985 664 4052 pedes
682 4001 775 4037 omnes
795 3983 932 4052 principes
950 3983 1151 4046 deosculentur,

276 4071 350 4140 quod
368 4070 411 4123 illi
429 4069 515 4124 liceat
534 4069 714 4140 imperatores
731 4071 877 4138 deponere,

276 4158 350 4225 quod
369 4175 387 4211 a
404 4155 543 4211 fidelitate
563 4156 724 4224 iniquorum
742 4155 878 4225 subjectos
898 4157 991 4226 potest
1008 4155 1157 4210 absolvere.
