3138 4912
804 400 843 460 ta

325 598 383 663 Die
406 597 524 662 decimo
548 597 641 661 tertio
661 597 777 662 mensis
796 597 881 663 Junii
905 597 1055 677 impetum
1078 594 1206 676 faciunt,
1223 597 1410 677 praesertim

244 717 337 779 quum
361 697 493 761 eremita
516 704 605 761 vetus
627 696 864 778 praesagibant,
889 697 996 761 urbem
1011 696 1061 761 die
1075 703 1202 777 postero
1220 696 1249 760 in
1265 695 1410 760 christia·

245 817 356 863 norum
389 798 538 862 ditionem
569 796 731 862 redactum
759 797 847 876 iri¹).
892 797 1006 860 Hostes
1036 803 1141 860 autem
1170 797 1317 876 impetum
1338 816 1410 878 pro-

244 898 423 982 pulsante).
466 897 530 960 iam
558 895 732 960 Raibaidns
760 897 886 977 quidam
907 915 1003 977 prope
1024 896 1125 976 adest,
1155 902 1188 960 ut
1211 914 1335 960 murum
1356 899 1410 960 ad-

246 999 389 1076 serendam,
413 1014 507 1077 quum
530 1015 639 1060 manus
670 995 903 1078 abscinditur³)
932 1002 964 1060 et
996 1001 1151 1076 eoguntur
1179 996 1355 1077 christiani,
1376 1002 1411 1060 ut

245 1099 286 1162 ad
333 1107 454 1177 tempus
492 1095 640 1160 desinant
675 1097 732 1183 ab,
758 1097 989 1178 oppugnatione
1030 1097 1270 1176 perseveranda.
1312 1097 1411 1160 Nimis

246 1198 363 1262 multae
394 1194 596 1260 difficultates
626 1196 840 1261 obsessoribus
868 1197 1005 1261 obstant.
1058 1199 1138 1259 Anto
1173 1196 1276 1259 omnia
1307 1202 1412 1260 exstat

247 1296 461 1361 machinarum
486 1299 517 1358 et
538 1294 611 1358 belli
633 1302 805 1376 apparatus
828 1295 967 1361 defectio.
990 1295 1083 1359 Fame
1107 1296 1300 1376 laborant⁴).
1333 1295 1411 1360 Con-

213 1475 215 1479 !
245 1399 394 1463 ficiuntur·
415 1395 468 1459 siti
481 1396 519 1475 ὅ).
541 1394 697 1460 Deficiunt
719 1395 822 1461 fontes
838 1397 877 1460 ad
902 1397 984 1460 sitim
1011 1395 1328 1476 exstinguendorum).
1350 1395 1413 1460 De-

247 1499 355 1563 ficiunt
399 1496 549 1560 alimenta
592 1495 630 1558 ad
674 1495 786 1560 famem
818 1495 1044 1576 depellendam.
1089 1493 1246 1560 Deficiunt
1283 1497 1412 1560 arbores

249 1615 373 1680 quoque
395 1601 435 1676 et
449 1594 586 1659 artifices
608 1601 674 1658 tum
698 1595 736 1658 ad
761 1595 918 1660 machinas
937 1595 1155 1672 exstruendas,
1179 1600 1247 1659 tum
1260 1595 1300 1659 ad
1316 1594 1411 1659 alium

248 1698 320 1763 belli
353 1702 536 1777 apparatum
571 1695 799 1760 instruendum.
842 1695 933 1760 Ultro
967 1697 1072 1760 hostes
1102 1697 1133 1758 iu
1162 1695 1294 1759 latebris
1314 1695 1412 1758 abditi

250 1803 452 1866 commeatum
476 1801 508 1858 ot
529 1812 644 1874 aquarn
667 1795 845 1875 petentibus
868 1795 996 1859 insidias
1019 1795 1132 1876 ubique
1154 1793 1364 1878 opponunt⁷).

330 1897 436 1987 iubis
466 1893 659 1975 temporibus
681 1894 843 1958 christiani
874 1895 990 1960 auxilio
1009 1895 1162 1976 juvantur
1189 1897 1411 1977 inexspectato.

249 1997 366 2064 Silvam
399 1997 560 2076 reperiunt
589 2001 621 2058 et
645 1993 695 2057 die
718 1993 837 2058 decimo
868 1995 999 2076 septimo
1019 1996 1134 2060 mensis
1158 1994 1246 2059 iunii
1268 1996 1413 2060 Genueu·

249 2099 329 2162 sium
362 2095 472 2160 classis
504 2095 533 2157 in
566 2099 656 2174 portu
689 2093 820 2174 Joppioo
845 2095 923 2176 Jaoit
951 2101 1131 2176 ancoras⁸t
1174 2094 1259 2160 Silua
1285 2097 1413 2177 praebet

249 2198 380 2262 arbores
403 2195 595 2260 necessarias
617 2194 656 2258 ad
680 2193 847 2258 machinas.
871 2195 1051 2261 Geuueuses
1074 2202 1106 2258 et
1117 2213 1230 2276 panem
1253 2202 1284 2258 et
1309 2197 1411 2259 vinum

248 2299 280 2359 et
302 2297 373 2359 belii
394 2291 584 2375 'apparatum
614 2300 645 2358 et
666 2293 802 2358 artifices
825 2295 991 2371 machinis
1005 2295 1203 2360 exstruendis
1226 2299 1317 2374 aptos
1337 2312 1411 2372 sup-

249 2401 386 2478 portant.

334 2495 435 2558 Multo
459 2493 565 2556 studio
587 2510 624 2554 ae
646 2491 751 2554 labore
773 2493 880 2555 statim
902 2491 1060 2557 machinas
1082 2497 1256 2556 exstruunt.
1278 2493 1411 2556 Frustra

250 2597 356 2659 hostes
387 2593 513 2673 sagittis
540 2593 634 2672 Jaotis
665 2597 697 2654 et
719 2592 867 2654 machinis
898 2593 1032 2655 incensis
1054 2611 1166 2670 magno
1189 2598 1263 2656 suut
1283 2593 1412 2673 impedi-

323 2817 336 2870 l
368 2815 458 2868 Raim.
497 2814 580 2867 .174.

320 2816 349 2990 2)
369 2917 442 2974 Gest.
461 2833 507 2970 33:
527 2917 549 2970 si
568 2919 656 2972 scalae
675 2916 791 3002 fuissent
810 2916 933 2984 paratae,
951 2915 980 2968 in
998 2918 1093 2969 nostra
1104 2916 1201 2970 fuisset
1213 2917 1413 2972 eivitasmanu.

319 3023 347 3091 3)
364 3023 433 3076 Rad.
454 3022 510 3075 119.

320 3128 348 3197 4)
368 3127 441 3181 (ieet.
461 3126 509 3178 37:
530 3124 560 3177 In
579 3125 629 3178 illa
649 3124 788 3178 obsidione
809 3141 892 3194 panes
912 3125 947 3177 ad
961 3126 1107 3178 emendum
1122 3125 1249 3181 invenire
1264 3146 1320 3182 non
1337 3131 1414 3199 pote-

251 3233 350 3278 ramus,
375 3214 431 3267 fare
457 3229 506 3281 per
525 3211 645 3280 spatium
664 3212 773 3265 dierum
791 3213 897 3274 denam,
929 3212 1014 3264 donee
1032 3211 1108 3266 veuit
1125 3213 1239 3266 nuntius
1257 3217 1415 3269 nostrarum

251 3301 371 3356 navium.
408 3299 477 3352 uad.
498 3298 555 3351 123.

320 3409 347 3475 5)
363 3405 437 3459 Gest.
457 3404 475 3456 l.
494 3421 531 3456 u:
554 3402 584 3454 in
609 3399 695 3454 nimia
718 3417 845 3469 pressura
872 3399 931 3453 sitis
960 3377 1068 3456 detenti
1097 3403 1207 3468 fuimus,
1238 3407 1271 3458 ut
1297 3423 1345 3474 per
1368 3425 1414 3461 sex

251 3493 340 3547 millia
358 3493 465 3546 nostros
480 3491 639 3558 potaremus
656 3504 739 3554 equos
759 3489 787 3540 et
803 3485 936 3540 animalia
955 3488 1018 3541 alia.

322 3597 349 3666 6)
368 3596 442 3650 Gest.
459 3595 477 3648 l.
497 3611 520 3648 e.
539 3593 623 3662 Syloa
641 3575 873 3645 fonssustinebat
891 3607 953 3653 nos,
981 3592 1026 3644 sed
1046 3593 1139 3646 tamen
1158 3611 1221 3648 eura
1244 3597 1415 3651 vendebatur

250 3701 324 3753 aqna
339 3682 415 3735 inter
432 3697 489 3734 nos.

287 3787 377 3842 Raim.
397 3805 423 3854 p.
444 3786 506 3838 174:
526 3783 598 3838 Siloa
617 3782 678 3835 fons
699 3798 754 3835 non
773 3781 930 3850 profluebat
946 3780 1000 3833 nisi
1014 3780 1100 3835 tertia
1118 3781 1171 3836 die.

288 3890 377 3944 Raim.
396 3907 422 3958 p.
448 3889 511 3941 175:
536 3886 661 3955 quinque
685 3885 730 3939 vel
755 3902 803 3938 sex
826 3885 933 3938 nummi
958 3885 1025 3938 sabis
1049 3903 1105 3938 non
1131 3887 1305 3943 sufficiebant
1333 3893 1416 3948 alicui

388 3975 495 4029 sitienti
513 3991 562 4042 per
579 3972 659 4034 diem,
679 3971 702 4023 si
721 3988 823 4038 aquarn
841 3970 985 4040 limpidam
1003 3971 1120 4026 mereari
1143 3973 1253 4028 vellent.

321 4082 348 4149 t)
367 4080 441 4134 (iesb.
460 4079 502 4132 37.
536 4077 627 4130 Raim.
645 4094 672 4145 p.
692 4077 749 4128 175.

321 4185 349 4253 8)
364 4183 438 4238 (itast.
457 4182 499 4236 37.
518 4181 606 4236 Raim.
625 4200 651 4250 p.
673 4181 730 4234 175.
