3138 4912
709 410 746 481 51

230 617 297 696 Quo
331 617 413 682 iacto
449 617 605 700 principes
637 636 706 682 eum
745 617 883 680 exercitu
916 615 1044 679 tandem
1079 615 1141 679 iter
1177 622 1312 696 pergunt
1402 695 1404 702 Ι

148 717 467 798 Hierosolymitanum
491 717 540 781 die
563 716 682 782 decimo
706 723 795 781 sexto
818 716 933 780 mensis
957 715 1032 797 ttaji
1046 717 1081 795 ¹).

229 817 404 884 Secundum
420 836 506 882 oram
526 817 713 880 maritimam
730 834 785 896 per
808 822 909 880 terras
923 815 1052 880 hostiles
1068 814 1313 895 proficiscuntur.

148 917 322 982 Nonnullae
346 935 467 998 pugnas
483 915 636 997 quidem
629 923 699 979 rot
674 917 699 978 it
700 917 786 980 inere
803 922 954 996 pugnant,
977 932 1058 995 quae
1078 909 1186 978 onmes
1209 903 1313 991 autem
1407 995 1410 1001 Ι

149 1017 265 1081 nullius
288 1023 362 1081 sunt
384 1017 541 1080 momenti

232 1117 361 1181 Noctem
382 1117 505 1188 itineris
524 1114 580 1178 ult'
558 1121 665 1183 trinam
679 1117 947 1178 summusexeroit
948 1133 985 1180 us
934 1077 1125 1180 tRamlae
1140 1117 1264 1195 peragit
1274 1118 1315 1196 ²).
1370 1132 1373 1139 ’

151 1217 226 1282 Inde
249 1217 393 1297 singulae
414 1221 570 1294 catervae,
591 1215 699 1278 ordine
721 1214 830 1294 quovis
846 1215 998 1294 neglecta
1016 1214 1098 1278 omui
1116 1215 1185 1277 iest'
1164 1221 1245 1278 ttma
1246 1217 1316 1278 ioue

151 1324 329 1398 properant,
373 1322 410 1380 nt
446 1333 541 1395 quarn
579 1313 738 1378 celerrime
774 1315 806 1377 in
838 1315 1003 1394 conspicuo
1040 1313 1177 1386 babeant
1210 1315 1315 1378 urlmm
1414 1307 1417 1314 ’

152 1423 303 1481 sanctam.
731 1431 734 1442 ·

235 1517 351 1596 Copiae
373 1513 652 1592 botharingienses
676 1511 835 1577 Godelridi
859 1512 945 1577 ducis
971 1512 1010 1575 ab
1035 1512 1237 1595 Eurnraunte,
1265 1516 1316 1579 ubi

151 1622 386 1698 pernoctarunt,
409 1615 449 1678 ad
472 1611 687 1686 Hierosolyma
709 1616 931 1692 properaut³).

236 1717 353 1780 Omnes
374 1714 465 1779 nudis
488 1711 618 1795 pedibus
639 1717 671 1775 et
693 1711 858 1776 devotione
880 1712 1061 1792 plenissima
1088 1714 1318 1794 ingrediuntur.
1404 1725 1407 1731 ’

153 1818 234 1882 Eece
257 1815 339 1878 urbs
355 1820 464 1878 saneta
497 1811 595 1878 oeulis
626 1811 784 1892 subjecta!
828 1807 923 1878 Ecce
934 1821 1081 1894 conspeet
1082 1833 1117 1878 us
1068 1814 1222 1878 tdint
1201 1817 1319 1880 tissime

142 1915 362 1994 desideratus,
392 1931 508 1978 meroes
538 1911 770 2000 totlabormn
791 1913 1169 1990 sustentorunrleunn
1171 1933 1222 2018 um
1256 1914 1316 1979 fuit

153 2005 314 2150 gaudium,
337 2015 471 2080 miseriis
492 2012 635 2077 maximis
657 2012 835 2092 superatis!

214 2212 601 2283 clrrlstlanorum
643 2213 883 2282 exereitus
924 2213 1264 2300 Hierosolyma

641 2337 842 2405 obsidet.
1240 2342 1242 2348 '

205 2513 208 2520 ’
239 2498 295 2561 Die
318 2497 452 2578 septimo
474 2487 587 2561 mensis
609 2497 696 2564 lunii
725 2489 766 2562 ad
791 2497 900 2562 urbem
929 2501 1069 2560 sanctam
1098 2498 1320 2578 adveniunt.⁴').

160 2596 261 2677 Urbs,
282 2599 321 2661 ab
342 2615 424 2660 anno
447 2598 588 2677 proximo
612 2597 813 2660 inditionem
836 2597 957 2678 imperii
979 2598 1123 2678 Aegyptii
1146 2600 1323 2680 redacta-⁵),

158 2704 270 2761 natura
304 2703 401 2777 atque
427 2715 521 2777 opere
541 2705 610 2760 erat
642 2697 857 2760 munitissima.
899 2695 1002 2759 Nihilo
1025 2698 1209 2763 seciussine
1235 2720 1322 2764 mora
1409 2689 1412 2696 ’

159 2796 264 2860 urbem
288 2797 445 2877 principes
471 2795 625 2860 obsident.
668 2798 702 2860 In
725 2785 816 2876 parte
843 2797 1078 2876 septentrionali
1107 2807 1211 2862 eastra
1232 2803 1323 2865 collo-

157 2902 231 2959 ennt
257 2896 415 2962 Robertus
444 2895 642 2960 Normannus
671 2902 703 2961 et
731 2898 885 2960 Robertus
916 2895 1126 2982 Flandrensis,
1156 2901 1186 2962 iu
1219 2909 1323 2964 rnonte
1408 2906 1410 2910 '

157 2996 234 3059 Zion
259 2997 455 3060 Raimuodus
475 2995 659 3075 Tolosanum,
680 2997 710 3059 in
732 3006 822 3076 parte
845 2996 1026 3061 occidentali
1050 2996 1238 3064 Godefridns
1260 3002 1323 3066 dux

158 3100 191 3162 et
213 3094 448 3177 Taner·edns⁶).
494 3095 540 3158 Αιι
568 3085 676 3158 ¹urbem
714 3114 808 3176 quam
845 3097 976 3176 primum
1015 3099 1253 3178 expugnandam
1288 3121 1321 3166 se

158 3200 282 3275 parant.

225 3438 252 3508 1)
271 3438 346 3492 Gest.
363 3438 409 3491 36:
430 3411 606 3508 ⁴pervenimus
635 3440 768 3510 Tripolim
792 3439 897 3493 decimo
924 3439 1007 3494 tertio
1030 3441 1075 3494 die
1104 3440 1227 3494 intrante
1251 3441 1325 3512 Majo

159 3525 254 3594 ibique
271 3525 377 3578 fuimus
395 3543 444 3596 per
461 3528 519 3580 tres
536 3525 618 3604 died
637 3525 727 3579 Rnim.
746 3543 772 3596 p.
791 3528 849 3581 172.
1027 3531 1030 3536 ⁴

230 3630 257 3698 2)
277 3629 351 3682 Gest.
368 3629 409 3682 36.
429 3630 517 3684 Raim.
537 3649 562 3700 p.
581 3631 638 3683 173

139 3801 142 3806 Ι
232 3733 260 3802 3)
279 3731 426 3786 Fuloh.8
428 3732 515 3786 ‚Alb
535 3734 587 3801 Aq.
607 3734 640 3787 V.
658 3734 701 3788 43.

229 3836 408 3904 oseam.
425 3836 458 3888 ιι.
477 3835 509 3888 ιι
529 3855 553 3890 v.
573 3836 638 3906 eya.
657 3854 683 3905 p
702 3833 872 3895 arenata.
904 3843 919 3894 ,·

232 3939 259 4008 5)
280 3939 355 3994 Will.
373 3939 437 4009 Tyr.
456 3938 503 3991 IX.
523 3940 569 3991 10:
589 3939 715 4008 princeps
742 3939 899 4010 Aegyptius
924 3939 971 3993 vix
997 3956 1058 3993 enm
1087 3940 1240 4009 (civitatem
1262 3944 1327 3999 Hie·
1402 3912 1405 3920 Ι

160 4025 400 4096 rosolyruitanam)
423 4025 562 4079 mensibus
580 4025 708 4079 undecim
727 4026 888 4080 obtinuerat
910 4026 1041 4094 quietam,
1071 4033 1133 4079 euni
1157 4027 1326 4084 christianus

160 4112 295 4166 exereitus
313 4129 373 4165 eam
392 4113 427 4165 ab
445 4112 585 4166 indebitae
599 4112 669 4182 jugo
689 4113 830 4166 servitutis
849 4113 960 4182 eripuit

231 4217 266 4284 61
279 4215 352 4270 Gest.
376 4218 417 4270 37.
