3138 4912
829 369 869 429 60

699 451 796 461 —-

259 569 403 626 sanctum
431 568 463 626 et
493 562 600 626 urbem
631 567 770 626 sanctam
803 573 835 626 et
863 568 979 626 terram
1013 569 1153 628 sanctam
1184 585 1220 628 er
1252 565 1426 628 Turesrnm

259 661 402 726 manibus
424 662 568 742 eriperet.
599 663 711 725 Amore
736 661 851 727 Christi
874 667 977 725 motus
1003 682 1086 728 nunc
1109 682 1165 744 pro
1189 665 1303 728 viribus
1326 671 1427 735 curat,

260 767 294 824 ut
318 761 468 826 ecclesiae
491 768 679 842 reparentur
701 762 827 827 dirutae
849 770 881 824 et
904 762 970 825 loca
986 771 1093 826 sancta
1109 771 1296 828 renoventur
1309 764 1426 828 violata

259 867 360 940 atque
392 861 575 926 clericorum
606 881 754 926 numerus
783 862 823 926 ad
851 862 967 926 cultum
997 861 1200 928 christianum
1228 865 1426 928 necessarius

264 962 462 1026 instituatur.
506 962 609 1040 Quare
631 962 787 1040 instituit,
819 961 949 1024 brnnlio
982 961 1021 1024 ad
1051 963 1155 1028 sedem
1188 963 1425 1042 patriarchalem

221 1120 227 1137 ,
263 1069 418 1141 promoto,
450 1063 557 1126 statim
580 1061 688 1141 uiginti
712 1062 877 1125 canonicos
900 1063 930 1124 in
954 1063 1086 1142 sepulcri
1110 1065 1210 1128 sancti
1233 1064 1358 1144 templo,
1391 1070 1427 1127 ut

261 1161 292 1225 hi
316 1161 433 1226 cultum
467 1161 673 1226 christianum
706 1168 888 1235 exerceant
921 1163 1019 1243 iisque
1038 1163 1253 1228 liberalissime
1276 1165 1425 1229 beneficia

260 1262 405 1339 assignat
428 1261 630 1340 amplissima,
651 1263 732 1342 jura,
756 1262 924 1341 privilegia,
948 1263 1162 1328 immunitates
1176 1263 1214 1346 ¹.)
1251 1263 1426 1346 Campanas

260 1379 382 1441 quoque
404 1362 436 1424 in
459 1361 596 1425 ecclesiis
618 1361 853 1441 suspendendas
875 1361 941 1425 lieri
961 1363 1051 1443 Jubet
1061 1363 1105 1445 ².)

347 1461 459 1525 Curam
495 1461 623 1524 eandem
648 1461 840 1526 Godeiridus
874 1462 905 1524 in
928 1463 1125 1542 possessione
1147 1464 1234 1544 ponit
1257 1465 1425 1543 ruarmo.

264 1562 387 1624 Timore
408 1561 566 1640 copiarum
588 1561 832 1625 christianarum
860 1563 1036 1642 perterriti,
1065 1564 1153 1628 inulti
1173 1571 1276 1628 terrae
1299 1570 1426 1628 sanctae

261 1661 476 1739 habitatores,
505 1660 648 1724 domibus
670 1663 816 1742 agrisque
839 1661 990 1738 desertis,
1016 1662 1109 1743 fugae
1133 1684 1165 1728 se
1185 1665 1425 1728 mandaverunt.

159 1773 161 1778 ’
260 1761 346 1836 Quae
370 1760 453 1825 bona
475 1761 600 1826 deserta
620 1763 823 1841 arripuerunt
844 1760 1006 1827 Godefridi
1028 1764 1176 1829 homines.
1222 1765 1300 1828 Erat
1320 1771 1426 1828 autem

259 1859 461 1940 opinandum,
482 1860 553 1925 illos
578 1880 647 1924 cum
665 1861 829 1926 Saracenis
844 1861 993 1941 fugitivis,
1007 1865 1139 1944 posthac
1156 1866 1300 1944 reversis,
1316 1883 1427 1930 causas

262 1979 329 2024 esse
353 1960 525 2025 babituros.
572 1961 804 2026 Possessionem
835 1962 930 2039 igitur
959 1962 1101 2028 facturus
1132 1966 1293 2042 tutiorem,
1325 1965 1426 2032 Gode-

259 2060 359 2130 fridus
382 2065 574 2125 constituere
596 2070 722 2125 coactns
743 2069 792 2124 est
811 2060 956 2142 edictum,
979 2068 1023 2142 ut,
1039 2065 1092 2144 qui
1108 2065 1316 2145 aliquaepiam
1332 2065 1425 2143 bona,

259 2161 323 2226 sive
355 2161 478 2239 domos,
508 2161 572 2224 sive
606 2179 702 2241 agros
733 2179 789 2240 per
812 2181 905 2225 nnum
930 2182 1045 2226 annum
1063 2166 1245 2245 possederit,
1269 2183 1360 2228 verus
1383 2165 1425 2227 sit

258 2262 468 2341 possess0r⁴).

342 2361 411 2438 Quo
438 2359 539 2423 edicto
568 2358 764 2424 Godoiridus
787 2360 897 2441 eflicit,
931 2370 966 2424 ut
986 2362 1077 2425 inulti
1104 2381 1140 2424 ex
1163 2361 1337 2424 honrinibus
1359 2361 1424 2424 suis

258 2463 288 2524 in
302 2462 438 2542 patriam
449 2460 581 2524 redituri
594 2460 728 2523 areditu
739 2460 895 2524 desistant
905 2459 948 2541 ⁵),
960 2463 1097 2525 utceteri
1109 2460 1423 2525 bonaSaracenorum

258 2561 458 2640 fugitivorum
482 2559 641 2624 consecuti
664 2578 700 2622 eo
722 2559 872 2624 libentius
894 2561 925 2623 in
947 2566 1032 2623 terra
1051 2567 1159 2624 sancta
1183 2568 1375 2640 remaneant,
1393 2567 1425 2626 et

259 2668 296 2724 ut
318 2661 442 2740 pristini
464 2676 672 2740 possessores,
694 2677 777 2722 anno
799 2666 871 2740 post
894 2658 1022 2736 reversi,
1039 2659 1089 2739 jus
1110 2658 1273 2722 domorum
1295 2679 1425 2724 suarum

259 2760 307 2824 vel
330 2779 475 2839 agrorum
499 2759 557 2822 sibi
580 2757 834 2822 vindicandorum
857 2759 1068 2836 arriserincrl.
1474 2769 1475 2772 ’

343 2859 527 2924 Tancredus
555 2859 753 2922 excursiones
770 2863 894 2921 crebras
924 2857 1000 2920 lacit
1036 2858 1066 2921 in
1109 2865 1211 2922 terras
1253 2858 1422 2922 Turcarum

357 3032 550 3040 ..ω-...φῇ-

329 3130 354 3198 l)
375 3126 451 3180 Will.
471 3127 534 3195 Tyr.
552 3125 599 3180 IX.
620 3126 643 3178 9.
680 3118 813 3192 Albyaq.
831 3123 1049 3178 V1.4n.nuleh.
1070 3125 1109 3177 18.

327 3230 631 3299 mmmmm

326 3335 674 3416 ammpmm·

326 3441 355 3509 l)
375 3439 451 3494 Will.
470 3440 533 3509 Tyr.
552 3439 598 3492 IX.
620 3440 666 3491 19:
678 3437 713 3490 Hi
729 3436 883 3508 (christiani
893 3436 1040 3504 reversuri)
1054 3453 1164 3490 oausam
1178 3437 1266 3490 edicto
1280 3437 1423 3499 dederimt,

258 3529 401 3580 utannua
419 3525 598 3595 praescriptio
613 3527 703 3579 locum
723 3525 849 3588 haberet,
876 3527 905 3576 et
924 3541 1018 3576 eorum
1043 3523 1150 3576 foveret
1172 3525 1278 3592 partes,
1309 3521 1370 3590 qui,
1394 3521 1423 3575 in

258 3613 439 3667 tribulatione
458 3613 635 3682 perseverant
637 3629 682 3675 es,
706 3629 755 3680 per
774 3628 878 3663 annum
897 3611 926 3662 ei
949 3609 1021 3662 diem
1041 3609 1203 3696 tranquille
1217 3609 1321 3662 eterne
1339 3626 1423 3685 quae·

258 3688 964 3872 mmwmQfflwsttb

327 3803 449 3856 5Will.
467 3803 522 3872 Tyr
586 3819 620 3854 c
623 3767 733 3853 nonsit
734 3799 858 3852 licam
884 3797 966 3851 muli
985 3797 1132 3852 manifeste
1148 3798 1336 3867 possessiones,
1354 3817 1423 3867 quas

259 3889 452 3957 acquisierant,
471 3890 634 3950 deserentes,
654 3887 867 3942 revertebantur
884 3886 920 3938 ad
939 3883 1051 3954 propria
1071 3886 1122 3938 eto.

311 4007 312 4010 ’
327 3995 354 4061 6)
373 3993 451 4047 Will.
469 3993 533 4062 Tyr.
543 3992 562 4046 l.
573 4009 609 4046 a:
628 3992 703 4059 quod
716 3992 835 4059 (annuae
847 3988 1071 4058 praescriptionis
1087 3988 1218 4056 edietum)
1233 3988 1421 4043 introductum

258 4081 299 4133 est
328 4080 391 4134 odio
410 4079 536 4143 illorum,
564 4077 612 4146 qui
636 4077 744 4130 timoris
768 4094 851 4130 causa
875 4094 938 4129 suas
963 4075 1134 4143 reliquerant
1156 4075 1351 4144 possessiones,
1379 4095 1423 4142 ne,

258 4168 322 4238 post
340 4183 444 4222 annum
461 4166 615 4230 redeuntes,
634 4165 670 4219 ad
685 4182 782 4220 earum
799 4163 1015 4219 adurittereutur
1034 4160 1266 4219 vendicationem.
