3138 4912
587 394 883 486 A...

235 589 422 654 Taucredus
448 591 487 656 ab
512 590 589 654 urbe
617 591 708 655 Ercle
738 597 826 656 recto
852 591 964 656 itinere
994 610 1050 673 per
1079 590 1216 655 Ciliciam
1246 607 1317 669 pro-

152 689 344 771 greditur1).

178 835 181 842 .
234 789 319 854 Idem
342 785 418 854 facit
439 790 622 870 Balduinus,
646 791 808 856 Godefridi
830 789 984 874 frater'2).
1010 789 1068 855 Sed
1085 789 1317 872 hieseparatim

151 891 213 954 iter
235 891 341 971 pergit
361 891 391 954 in
415 895 533 953 terram
555 891 705 970 Edessae,
729 892 781 957 ubi
804 909 933 972 regnum
959 891 1016 954 sibi
1040 887 1256 972 constituit³).

232 989 421 1054 Godefridns
444 992 600 1070 ceterique
624 992 777 1073 principes
807 993 838 1055 in
859 990 938 1056 fines
960 991 1187 1055 Antiochenses
1209 1007 1318 1070 perve-

110 1138 114 1146 .
151 1090 240 1154 niuut
262 1089 311 1155 (lie
336 1089 579 1155 duodevicesimo
603 1093 717 1155 mensis
742 1091 887 1156 Octobris
903 1091 945 1174 1).

152 1331 537 1403 clrrlstlanorum
548 1337 786 1404 exercitus
798 1333 1106 1424 Antiochiam
1118 1332 1318 1402 obsidet.

233 1491 397 1556 Antiochia
428 1509 554 1572 quoque
586 1493 617 1556 in
648 1493 790 1557 manibus
821 1497 890 1558 erat
918 1493 1108 1571 Turenum,
1141 1492 1217 1556 urbs
1246 1511 1317 1573 per·

151 1593 256 1671 magni
277 1595 436 1671 momenti,
458 1594 665 1656 munitissima
687 1599 800 1656 tratura
815 1600 910 1675 atque
924 1612 1027 1674 opere,
1043 1593 1201 1674 applicata
1218 1593 1316 1656 monti

151 1692 181 1756 in
208 1693 474 1772 parte.australi‚
505 1693 594 1773 cujus
628 1694 774 1760 verticem
807 1712 978 1774 summum,
1012 1694 1096 1774 parti
1131 1692 1314 1758 occidentali

149 1791 326 1871 finitimum,
348 1793 482 1856 ornabat
504 1793 684 1874 castellum,
719 1793 945 1874 quodammodo
970 1799 1054 1857 tecta
1082 1794 1113 1856 in
1143 1799 1233 1874 parte
1268 1812 1316 1856 se-

148 1892 353 1971 ptentrionali
378 1892 507 1972 palude,
531 1894 560 1956 in
591 1911 652 1974 qua
675 1907 753 1973 pons
780 1899 851 1956 erat
877 1891 990 1970 factus
1014 1900 1046 1956 et
1067 1892 1187 1957 Oronte
1209 1893 1314 1970 fluvio,

149 1994 197 2056 cui
220 2010 354 2074 quoque,
377 1993 464 2058 urbis
487 1993 636 2072 angulum
661 1995 820 2057 cauriuum
847 1995 1006 2073 tangenti,
1028 2011 1107 2073 pons
1129 2000 1198 2057 erat
1220 1993 1316 2073 impo-

149 2093 240 2171 situs
257 2093 452 2158 circumdata
474 2094 506 2156 in
529 2093 658 2156 circuitu
677 2092 866 2172 amplissimo
890 2095 986 2156 muris
1010 2093 1136 2171 validis,
1154 2094 1183 2156 iu
1205 2094 1316 2174 quibus

148 2193 400 2273 quadringentae
421 2193 652 2273 quinquaginta
676 2198 782 2257 turres
805 2199 895 2257 erant
918 2191 1149 2270 exstructae⁵t

231 2293 327 2374 Cujus
351 2292 437 2356 urbis
463 2293 691 2374 possessionem
720 2293 836 2358 viribus
858 2294 986 2358 intentis
1017 2294 1158 2358 obtinere
1187 2293 1315 2369 Ternas

148 2393 256 2457 anois
278 2393 399 2474 eripere
423 2393 510 2456 nisos
532 2411 601 2456 esse
624 2393 821 2472 christianos,
842 2393 933 2457 lacile
956 2393 1194 2474 intelligendum
1217 2399 1274 2456 est.

233 2493 348 2558 Urbem
360 2511 459 2573 paene
474 2498 544 2556 octo
559 2511 681 2556 menses
695 2493 726 2556 in
743 2493 905 2556 obsidione
923 2493 1086 2557 christiani
1102 2494 1315 2573 tenue1·unt⁸).

150 2591 209 2654 Per
238 2593 294 2657 boe
328 2600 450 2674 ternpus
481 2611 606 2673 pugnae
634 2593 874 2657 innumerabiles
905 2600 978 2657 suut
1002 2601 1168 2675 pugnatas.
1230 2593 1315 2671 Quas

151 2709 256 2756 omnes
279 2694 435 2774 explicare
456 2693 610 2757 nolumus.
654 2693 847 2772 Attingimus
873 2711 1020 2757 summas.

231 2791 313 2856 Urbs
335 2792 472 2856 habebat
493 2792 630 2873 quinque
651 2799 762 2874 portas
776 2795 814 2874 ⁷),
829 2799 953 2873 portam
970 2795 1014 2859 St.
1033 2794 1159 2874 Georgii
1177 2795 1205 2856 iu
1224 2799 1316 2875 parte

148 2891 345 2970 occidentali,
367 2899 492 2972 portam
514 2894 630 2973 pontio,
655 2911 674 2956 a
696 2899 792 2974 ponte
815 2899 888 2956 ante
913 2912 980 2956 eam
1004 2899 1164 2958 exstructo
1197 2894 1242 2956 ita
1262 2912 1316 2956 no-

149 2992 314 3072 minatam,
346 2998 470 3073 portam
501 2994 606 3073 ducis,
639 2994 683 3056 sic
717 2993 833 3058 dictam
866 3012 885 3056 a
919 2993 1090 3058 Gorlefrido
1124 2993 1252 3073 duce⁸)‚
1286 3000 1317 3056 ct

220 3267 247 3336 1)
267 3266 341 3320 Gest.
362 3265 395 3320 X.
415 3265 509 3320 Fulch.
527 3265 575 3319 VI.
612 3262 675 3318 Alb.
693 3263 746 3332 Aq.
765 3265 814 3330 III,
834 3264 927 3318 5-17.
965 3263 1042 3317 Will.
1060 3263 1124 3332 Tyr.
1142 3262 1191 3316 ΙΙΙ.
1208 3262 1317 3316 19-25,

149 3355 219 3409 nau.
238 3353 348 3408 33-47.

217 3457 247 3525 2)
265 3456 338 3510 Gesb.
357 3457 376 3510 l.
394 3473 418 3509 e.
453 3454 624 3509 bulento.
660 3454 722 3508 Alb.
741 3455 793 3522 Aq.
810 3454 829 3507 l.
845 3470 867 3506 e.
904 3452 982 3506 Will.
1002 3452 1065 3522 Tyr.
1085 3452 1134 3505 ΙΙΙ.
1154 3452 1196 3505 19.

218 3560 425 3631 stratonis
461 3559 523 3613 Alb.
543 3560 595 3627 Aq.
613 3559 663 3612 III.
683 3558 795 3612 19-21,
834 3557 911 3611 Will.
930 3557 994 3626 Tyr.
1014 3557 1060 3610 IV.
1080 3556 1155 3608 1-6,
1190 3555 1259 3609 bad.
1275 3556 1317 3608 tr.

219 3665 247 3734 4)
265 3664 338 3718 Gest.
357 3663 418 3717 XII.
455 3663 549 3717 Fuleh.
567 3664 628 3718 VII.
664 3662 742 3717 Will.
761 3661 825 3732 Tyr.
843 3662 891 3715 IV.
909 3661 985 3714 7-8.

221 3769 248 3837 5)
268 3769 344 3823 Gest.
363 3767 404 3820 32.
423 3767 485 3819 Alb.
505 3766 556 3835 Aq.
575 3767 624 3821 III.
644 3767 687 3820 38.
706 3766 739 3820 ef.
759 3765 808 3839 ΙΠ.
828 3766 870 3819 32.
908 3764 1082 3819 putentur.

215 3876 221 3888 ’
297 3871 387 3926 Raim.
404 3890 431 3940 p.
448 3872 505 3924 143.
524 3871 606 3951 Will.
619 3873 682 3941 Tyr.
702 3871 749 3925 IV.
768 3872 808 3924 10.
846 3870 915 3924 Rad.
933 3870 975 3923 48.

221 3976 248 4044 6)
267 3977 339 4030 Gesb.
358 3976 405 4028 32:
426 3993 474 4044 per
493 3977 554 4029 octo
574 3992 680 4029 menses
700 3977 729 4030 et
747 3993 833 4031 unum
852 3973 933 4031 diem.

221 4080 249 4147 7)
268 4079 344 4133 Will.
364 4080 428 4148 Tyr.
446 4079 494 4133 IV.
514 4080 554 4133 13.

223 4183 251 4253 8)
270 4183 347 4238 Will.
365 4184 429 4256 Tyr.
448 4183 495 4238 IV.
516 4183 555 4240 14.
