3138 4912
667 364 980 460 ,,-.1έ......

331 555 492 632 Haclenns
515 558 555 623 de
577 556 741 624 Godefridi
757 549 880 641 juvenis
905 561 1120 628 historiarum
1135 561 1418 628 commertiorum-

249 661 362 725 mixta:
386 679 469 725 nune
494 659 533 724 de
555 657 719 724 Godefridi
742 659 873 725 historia
895 681 976 726 vera.
1205 741 1207 746 Δ

332 751 519 827 Godelridus
542 758 769 840 BullionensiS,
792 767 887 826 uatus
909 761 949 826 ad
972 780 1091 828 annum
1113 762 1307 828 millesimum
1329 779 1419 824 sexa-

248 864 400 942 gesimum
436 861 593 941 quintum,
633 860 784 940 originem
821 862 919 926 trahit
957 881 974 926 a
1006 863 1121 928 tanrilla
1152 863 1298 928 comitum
1328 861 1419 924 Bolo-

233 963 403 1047 niensium
419 959 458 1042 ¹).
501 959 678 1030 Parentum,
695 959 779 1025 filius
798 962 915 1042 primus
939 964 998 1028 luit
1014 962 1214 1044 Eustachius,
1233 957 1419 1026 Godefridus

249 1060 423 1142 secundus,
454 1060 569 1124 tertius
599 1058 784 1150 Balduiuus
812 1061 938 1144 ,Pacem
966 1062 1157 1148 Eustachius
1179 1062 1357 1142 nonrine²)‚
1377 1060 1418 1124 ab

212 1162 364 1236 ..aetatis
395 1177 472 1224 suae
501 1168 533 1223 et
561 1161 700 1239 regionis
736 1161 821 1226 illius
848 1162 1026 1228 horninibus
1057 1169 1189 1244 propter
1214 1147 1418 1226 ¹honestatem

249 1269 282 1327 et
305 1263 402 1325 vitam
424 1259 605 1339 religiosam
627 1251 752 1326 amatus
777 1269 835 1326 est.
880 1261 988 1344 Opera
1007 1272 1040 1326 et
1060 1262 1144 1328 facta
1165 1262 1338 1342 singularia
1363 1261 1420 1324 viri

248 1360 380 1424 illustris
396 1359 588 1454 temporibus
606 1362 722 1425 nostris
738 1363 928 1428 nontradita
945 1371 1029 1428 sunt.
1050 1363 1165 1443 Mater,
1179 1362 1235 1426 lde
1246 1363 1371 1425 nomine
1381 1363 1418 1440 ³),

249 1459 324 1524 nota
358 1468 408 1523 est
449 1459 574 1539 lamina,
611 1479 733 1524 summa
768 1465 987 1528 aestimatione
1026 1464 1219 1544 dignissime.
1256 1451 1418 1535 Excelluit

249 1562 331 1624 inter
354 1559 541 1638 omnesD'ei
566 1560 674 1624 timore
697 1562 826 1626 sincero.
859 1564 998 1629 Laudem
1021 1565 1080 1629 sibi
1104 1565 1227 1644 peperit
1251 1562 1434 1624 ruaximam.

198 1694 201 1700 ·
250 1660 388 1725 moribus
408 1661 505 1740 puris
824 1657 825 1660 ’
922 1648 926 1654 ’
986 1651 987 1654 '
1044 1739 1047 1744 Ι

333 1761 399 1824 Hos
420 1767 570 1840 parentes
593 1761 799 1824 Godelridum
823 1761 937 1843 lilium,
966 1765 1151 1848 praesertim
1180 1782 1274 1844 quum
1298 1764 1420 1844 corpori

250 1868 381 1926 venusto
402 1865 434 1922 et
453 1859 582 1940 pulchro
605 1861 727 1924 animus
750 1863 832 1927 altus
862 1871 895 1926 ot
918 1866 1056 1928 eminens
1078 1865 1210 1944 inesset,
1239 1864 1418 1928 educavisse

123 2051 125 2058 y
144 1971 146 1974 ’
249 1979 417 2026 cum-cura
442 1966 474 2022 et
494 1967 568 2023 ante
590 1961 692 2024 omnia
709 1963 753 2030 ,ad
770 1963 919 2042 pietatem
935 1964 1103 2044 impulisse,
1115 1946 1205 2028 facile
1221 1965 1418 2044 intelligitur.

184 2085 186 2090 ’
249 2061 402 2124 Educatio
432 2061 470 2124 iis
494 2059 666 2123 mercedem
692 2061 766 2124 tulit
794 2061 988 2126 ditissimam.
1032 2064 1220 2129 Godel’ridus
1250 2071 1419 2144 parentum

252 2163 397 2241 vestigiis¹
411 2163 570 2240 ingressus
593 2178 652 2246 res¹
666 2157 796 2241 magnas
819 2160 930 2226 effecit.
984 2219 987 2224 .
1078 2155 1079 2160 ’

168 2336 170 2340 .
336 2261 526 2326 Godelridus
550 2261 679 2341 juvenis*
700 2263 731 2351 in
761 2263 977 2326 contentiones
1001 2281 1120 2342 graves
1147 2281 1241 2341 saepe
1263 2261 1417 2324 adductus

252 2369 300 2428 est
327 2369 392 2426 tum
415 2379 434 2424 a
455 2361 655 2442 principibus
679 2369 746 2424 tum
767 2362 807 2424 ab
829 2363 981 2444 episcopis
1005 2363 1120 2427 vicinis.

336 2461 526 2527 Godelridus
547 2450 698 2542 gibbosus
720 2463 904 2542 avunculus,
927 2464 1002 2527 ldae
1023 2461 1137 2525 matris
1150 2461 1258 2540 frater,
1274 2479 1292 2523 a
1307 2460 1417 2522 sicario

219 2562 222 2568 ’
251 2568 282 2629 in
306 2563 382 2628 urba
407 2561 579 2641 Antverpia
599 2563 805 2642 interemptus
828 2571 860 2626 et
885 2563 981 2626 orbus
998 2569 1140 2626 mortuus
1155 2578 1237 2623 anno
1256 2561 1417 2623 millesimo

250 2665 479 2745 septuagesimo
510 2661 649 2742 sexto⁴),
678 2661 879 2727 Godefridum
908 2662 1126 2742 consobrinum
1155 2660 1291 2726 omnium
1321 2679 1413 2741 prae-

397 2816 543 2826 *—

197 2891 199 2896 ’
249 2881 358 2938 astruat
375 2876 500 2932 narratio
519 2875 715 2946 plurimorum,
733 2879 816 2950 cygni
834 2875 966 2938 fabulam,
985 2875 1058 2927 unde
1077 2875 1162 2944 vulgo
1182 2873 1293 2939 dicitur,
1312 2894 1417 2930 semen-

250 2967 338 3021 tivam
356 2965 395 3020 eis
408 2963 499 3030 ¹fuisse
519 2963 672 3034 originem3
692 2981 724 3019 eo
743 2965 817 3032 quod
837 2981 854 3016 a
872 2979 937 3017 vero
948 2961 1075 3016 videatur
1086 2962 1201 3016 deficere
1213 2962 1279 3015 talis
1295 2964 1417 3017 assertio

250 3053 403 3107 Chronicon
426 3052 518 3105 Alber.
547 3051 584 3104 ad
606 3067 710 3104 aunum
736 3037 803 3104 '1076
827 3069 853 3120 p.
878 3051 941 3103 120:
973 3049 1046 3102 Istae
1074 3049 1145 3103 duae
1171 3050 1236 3102 Idae
1266 3053 1296 3104 et
1322 3069 1417 3104 earum

252 3139 391 3202 successio,
412 3137 464 3191 hoc
482 3138 525 3192 est
540 3155 635 3208 genus,
656 3139 729 3206 quod
748 3137 851 3190 dicitur
868 3135 971 3190 Heliae
983 3134 1095 3199 militis,
1130 3154 1212 3205 quem
1240 3155 1345 3207 cygnus
1369 3139 1418 3190 ad-

251 3226 332 3280 duxit
351 3227 379 3280 eb
397 3224 518 3289 reduxit,
539 3223 562 3277 si
581 3224 711 3278 ereditur.
881 3231 884 3238 “

320 3329 346 3398 1)
367 3327 463 3397 Meyer
481 3347 506 3398 p.
524 3327 660 3381 193-194
679 3329 708 3380 et
727 3345 753 3396 p.
770 3327 828 3380 231.
862 3325 939 3380 Will.
958 3327 1021 3397 Tyr.
1041 3327 1088 3380 lX.
1107 3329 1130 3380 5.
1211 3325 1213 3332 '

387 3415 456 3469 Vita
475 3415 556 3469 beabo
573 3415 639 3468 Idae
658 3413 756 3484 (Bouq.
775 3413 847 3467 XIV.
866 3432 893 3483 p.
914 3415 984 3483 113).
1003 3415 1036 3468 cf.
1057 3414 1139 3469 Guib.
1158 3413 1194 3467 Il.
1216 3413 1254 3466 12.

319 3520 346 3590 2)
367 3519 433 3574 Vita
456 3520 482 3573 b.
504 3520 584 3573 Idae:
609 3518 707 3573 Oarolo
733 3517 816 3571 etiarn
841 3516 901 3586 regi
925 3517 1168 3588 consanguinitate
1186 3517 1335 3586 proximus,
1359 3534 1418 3570 cor·

189 3654 190 3658 ,
219 3659 221 3662 ,
250 3625 315 3678 pore
334 3609 361 3662 et
381 3607 475 3660 animo
492 3607 613 3674 actuque
632 3604 767 3659 saeculari
782 3603 968 3658 validissimus
992 3605 1073 3673 longe
1096 3604 1208 3671 lateque
1232 3603 1308 3658 fama
1330 3604 1418 3658 nomi·

251 3693 417 3748 natissimue.

321 3797 349 3866 3)
369 3797 453 3850 Ibid.:
473 3795 681 3850 adolescentula
698 3794 824 3866 insignis,
844 3796 940 3849 exorta
957 3793 1138 3847 nobillissima
1158 3793 1295 3862 prosapia.
1333 3795 1417 3868 lbid.:

250 3885 365 3938 Factum
388 3885 430 3937 esi
455 3884 564 3945 autem,
591 3899 654 3935 oum
678 3882 822 3934 iamborum
841 3880 1006 3935 venerabilis
1025 3881 1081 3934 Ida·
1095 3882 1184 3936 prater
1202 3881 1272 3932 esset
1290 3880 1418 3946 filiorum,

251 3971 340 4024 adhuc
358 3970 414 4023 illis
432 3970 462 4023 in
481 3967 625 4023 cunabulis
641 3954 811 4037 jacentibus,
837 3986 893 4022 non
911 3967 1019 4022 sinebat
1037 3965 1147 4030 aulienis,
1173 3968 1219 4020 sed
1240 3967 1357 4036 propriis
1375 3969 1418 4022 lac
1477 4007 1480 4012 ,

223 4060 225 4067 ’
251 4057 312 4111 dari
331 4057 470 4120 uberibus,
489 4055 599 4118 timens,
621 4055 654 4107 ul
672 4055 766 4125 pravis
784 4053 1040 4109 contaminarentur
1058 4052 1187 4106 moribus.

322 4159 350 4228 4)
369 4159 459 4231 Sigeb.
480 4158 587 4214 Gembl.
605 4159 702 4229 (Bouq.
721 4160 797 4214 XIII.
815 4177 842 4230 p.
860 4159 909 4212 257
928 4176 954 4212 n.
973 4157 1018 4227 a).
