3138 4912
708 412 753 473 29‘

144 603 338 670 Raimumlus
366 606 475 671 Alexio
501 607 640 688 juraret,
671 627 828 690 uunquam
859 611 1030 696 quidquam
1062 629 1095 678 se
1127 615 1307 682 moliturum

144 723 222 784 esse,
242 705 323 786 quod
347 706 431 770 illius
448 707 596 772 honorem
612 716 644 772 et
663 709 758 772 vitam
782 711 813 774 iu
837 713 1008 791 periculum
1026 713 1208 779 adduceret.
1246 715 1308 779 Va·

143 805 213 869 salli
231 805 450 886 jusjurandum
474 826 535 871 non
552 809 675 889 juravit
703 810 724 889 ).
1381 801 1383 805 ’

226 905 381 970 Robertus
402 907 605 972 Flandrensis
620 927 731 985 comes
755 910 854 974 bieme
877 912 908 973 in
931 910 1010 975 urbe
1026 909 1182 978 Duracbio
1206 920 1308 978 trans·
1356 909 1359 913 ’

143 1012 230 1083 aeta,
253 1007 315 1070 iter
339 1023 409 1070 vere
431 1006 531 1088 primo
553 1009 592 1072 ad
616 1008 917 1090 Constantinopolim
940 1011 1062 1092 dirigit,
1086 1031 1178 1094 quam
1202 1015 1308 1079 urbem

143 1107 282 1186 attingit,
303 1106 487 1171 Boamundo
513 1108 674 1188 aliquanto
692 1113 767 1172 ante
782 1109 854 1173 illuc
874 1110 1021 1190 ingresso.
1055 1113 1170 1176 Audito
1188 1121 1308 1182 ceteros

143 1208 297 1287 principos
311 1221 396 1288 ‘prae
419 1227 452 1271 se
473 1225 677 1290 praegressos
705 1210 885 1289 imperatori
916 1208 989 1274 fidei
1014 1212 1232 1292 jusjurandum
1256 1215 1309 1278 de·

144 1306 242 1381 disse,
264 1307 351 1370 nullo
373 1307 465 1371 morlo
487 1308 607 1372 renisus
626 1309 846 1388 jusJurandum
865 1310 953 1388 ‚iurat
973 1311 1159 1393 peritum2).

227 1406 313 1483 Quod
347 1408 522 1488 exemplum
557 1415 735 1488 sequuntur
768 1409 922 1474 ltobertus
957 1411 1157 1476 Normanuus
1195 1432 1307 1494 coines,

143 1506 323 1586 Stephanus
339 1506 496 1571 Blesensis
518 1525 621 1570 comes
644 1515 676 1570 et
695 1507 891 1591 Eustachius
914 1508 1073 1574 Godalrirli
1091 1511 1199 1592 irater,
1220 1533 1309 1578 exer-

142 1607 223 1670 citus
247 1607 384 1686 ingentis
409 1605 512 1672 disces
548 1607 692 1671 Amicitia
711 1609 867 1688 permulta
889 1609 949 1673 sibi
968 1613 1130 1691 praestita,
1153 1613 1194 1676 ad
1216 1613 1307 1678 fidem

142 1714 318 1787 promptam
341 1708 522 1789 imperatori
545 1707 758 1787 praebendum
785 1711 933 1790 propensi
955 1710 1173 1790 jusjurandum
1199 1715 1308 1795 jurant

143 1806 273 1888 petitum
289 1809 325 1886 ³).

224 1906 327 1970 Facile
349 1905 550 1987 intelligitur,
578 1925 707 1986 regnum
730 1908 814 1973 orbis
837 1915 993 1973 terrarum
1015 1911 1198 1992 maximum,
1222 1931 1308 1978 exer·

141 2010 235 2072 citum
256 2007 471 2087 fortissimum,
495 2006 603 2070 urbem
627 2009 866 2071 munitissimam
888 2008 936 2073 his
953 2009 1050 2088 copiis
1067 2010 1306 2078 christianorum

140 2107 417 2172 innumerabilibus
440 2108 586 2172 resistere.
609 2126 668 2171 non
693 2109 833 2190 potuisse
863 2119 896 2172 et
922 2109 1004 2173 hunc
1031 2111 1198 2174 exercitum
1221 2112 1308 2178 labo-

140 2209 226 2273 ribus
247 2209 367 2288 exiguis
379 2224 541 2272 successus
563 2213 740 2270 assecutum
762 2225 831 2272 esse
852 2210 1090 2292 prosperrimos,
1111 2211 1137 2275 si
1154 2229 1305 2278 summum

139 2309 302 2390 imperium
329 2309 381 2373 uni
414 2308 483 2372 duci
514 2307 626 2372 fuisset
657 2307 849 2372 mandatum.
905 2309 1007 2386 Quum
1043 2316 1146 2376 autem
1177 2315 1308 2394 quisque

140 2410 283 2490 princeps
307 2427 364 2472 suo
387 2409 520 2472 arbitrio
545 2407 660 2472 milites
682 2425 754 2472 suos
778 2407 905 2474 duceret
927 2418 960 2473 et
981 2429 1053 2474 raro
1076 2412 1204 2476 consilia
1228 2432 1308 2478 com·

142 2510 248 2573 munia
269 2517 474 2590 caperentur,
504 2508 615 2571 summi
638 2506 763 2571 labores
786 2527 880 2590 saepe
902 2511 1031 2574 fuerunt
1052 2514 1254 2578 consumendi
1275 2516 1307 2577 in

142 2609 332 2673 successibus
358 2609 432 2689 ipsis
453 2608 587 2672 minimis
609 2609 823 2688 assequendis.
994 2619 997 2626 '

224 2707 317 2772 Urbis
338 2708 476 2772 Nicaeae
498 2709 655 2786 obsessio,
686 2710 841 2774 transitus
863 2710 1022 2790 copiarum
1045 2730 1101 2792 per
1124 2713 1229 2776 Asiam
1252 2714 1308 2776 mi-

141 2824 248 2870 norem
268 2807 379 2887 1661116,
402 2808 524 2874 urbium
547 2809 729 2873 Antiochiae
750 2817 782 2873 et
805 2809 1088 2892 Hierosolymorum
1111 2813 1306 2877 obsessiones

140 2907 218 2971 satis
239 2908 392 2988 praebent
415 2916 682 2990 argumentorum.

142 3043 431 3054 -ι-ο--ια-..μ-,ι-ο-αι

208 3133 235 3204 1)
255 3135 329 3190 Gest.
351 3135 413 3189 VL:
433 3135 524 3204 Igitur
542 3154 631 3191 comes
651 3135 748 3191 Alexio
769 3136 856 3192 vitam
882 3139 910 3195 ct
935 3137 1067 3192 honorem
1084 3137 1207 3208 juravit,
1233 3143 1307 3210 quod

139 3239 189 3276 nec
207 3221 264 3303 ipsc
283 3239 333 3276 nec
352 3221 505 3291 paralium
523 3223 634 3278 auferre
652 3223 815 3278 consentiat.
850 3223 973 3292 Cumque
992 3224 1025 3277 de
1044 3225 1166 3280 hominio
1183 3228 1307 3297 appella·

139 3311 225 3372 retur,
245 3326 302 3362 non
319 3325 347 3363 se
365 3308 507 3378 respondit
521 3326 571 3378 pro
587 3307 686 3379 capitis
705 3309 827 3380 periculo
844 3309 874 3363 id
892 3309 1039 3364 facturum.

173 3411 347 3466 Raimundus
364 3413 398 3466 de
414 3411 510 3482 Agiles
529 3414 566 3483 (p.
587 3413 648 3483 141)
666 3413 740 3468 idem
759 3414 843 3468 refert
860 3413 957 3469 iisdem
974 3414 1073 3468 verbis.

173 3515 268 3570 Fulch.
286 3517 347 3570 lV.:
366 3517 461 3572 Comes
479 3518 573 3571 autem
592 3517 770 3587 Raymondus
785 3517 982 3588 jusjurandum
999 3518 1088 3572 facere
1105 3519 1251 3573 recusavit.

174 3620 306 3674 Albcrtus
322 3621 374 3688 Aq.
391 3619 437 3690 (ΙΙ.
456 3620 501 3691 20)
519 3622 691 3676 contrarium
710 3623 862 3676 affirmans:
888 3623 939 3676 sub
957 3623 1022 3686 fide,
1041 3621 1141 3690 inquit,
1171 3625 1200 3677 et
1217 3640 1306 3678 saara·

276 3709 370 3761 mento
388 3708 470 3761 homo
488 3707 699 3798 illius⁴(Alexii)
717 3709 807 3763 factus
825 3711 875 3762 est

174 3811 336 3865 Willermus
354 3811 418 3881 Tyr.
437 3811 483 3881 (ΙΙ.
502 3811 547 3882 21)
559 3815 653 3868 eodem
665 3814 759 3868 modo:
779 3813 928 3868 secundum
936 3811 1158 3881 juramentorum
1173 3811 1305 3875 tenorem,

139 3897 238 3966 inquit,
257 3915 340 3966 quem
358 3897 409 3952 alii
427 3900 631 3969 praebuerant,
656 3902 684 3954 et
712 3899 770 3970 ipse
788 3896 934 3953 fidelitatis
956 3897 1149 3968 juramentum
1173 3897 1305 3951 exhibens

141 3983 218 4038 donis
235 3984 397 4055 ingentibus
415 3986 566 4040 honoratus
585 3987 635 4040 est.

206 4086 234 4157 2)
253 4088 314 4141 nra.
331 4090 382 4156 aq.
401 4089 435 4142 u.
457 4092 496 4144 re.
534 4091 610 4144 war.
629 4091 692 4160 syr.
712 4090 748 4144 n.
767 4091 808 4143 16.

210 4190 505 4262 mmmmm
