3138 4912
338 599 457 663 Turoae
481 605 556 662 sunt
580 601 664 676 victi,
696 619 756 666 non
779 609 959 681 expugnata
989 602 1065 666 urbe
1095 619 1151 664 neo
1184 602 1342 681 praesidio
1373 619 1421 664 su·

257 707 374 780 parato.
416 700 477 763 Per
507 701 605 764 totius
630 703 743 764 mensis
773 702 910 780 spatium
933 701 1057 765 labores
1080 703 1230 766 niaximos
1251 701 1288 764 ad
1314 701 1421 764 urbem

256 800 495 880 expugnandam
519 800 655 880 impendi
678 807 728 862 est
748 817 884 864 necesse.

339 899 467 980 Pugnae
490 902 638 964 continuo
661 901 846 980 perdurant.
884 902 926 964 Et
949 901 1069 966 Turcae
1090 909 1122 964 et
1144 902 1305 965 christiani
1327 901 1367 964 ad
1390 918 1423 963 se

257 1000 387 1062 invicem
412 1000 660 1080 prosternendos
683 1001 765 1062 vires
788 1001 964 1065 intendunt.
1008 1002 1161 1080 Imprimis
1183 1001 1306 1066 excellit
1322 999 1424 1063 tiode-

256 1099 352 1162 fridus
372 1101 403 1162 iu
428 1101 554 1164 virtute.
580 1100 711 1163 Turoam
734 1101 890 1180 quendam
911 1102 975 1182 jam
999 1101 1053 1166 diu
1076 1103 1105 1165 iu
1126 1103 1316 1166 christianos
1343 1100 1424 1163 feru-

257 1202 380 1264 oissime
404 1200 593 1263 saevientem
618 1201 739 1280 sagitta
762 1203 936 1280 prosternit
952 1204 986 1281 ¹).

340 1301 467 1364 Interim
491 1301 646 1379 principes
676 1299 811 1380 undique
837 1319 943 1364 muros
964 1301 1119 1365 suffodere
1143 1303 1244 1367 denuo
1265 1303 1423 1382 incipiunt.

258 1400 452 1464 Rairnuudus
476 1401 584 1462 turrim
606 1401 788 1479 angularem
812 1400 941 1464 sull'odit
963 1403 1161 1482 incenditque
1185 1403 1290 1466 trabes
1311 1419 1424 1482 suppo-

258 1501 345 1564 sitas.
389 1499 554 1562 Excitalur
577 1499 752 1562 incendium
776 1503 908 1580 vesperi.
952 1501 1056 1566 Noctu
1089 1504 1154 1565 ruit
1182 1505 1279 1566 turris
1300 1504 1424 1582 fragore

258 1601 342 1663 claro
366 1600 459 1662 edito.
504 1599 632 1662 Lacuna
654 1619 767 1678 magna
790 1603 890 1664 oritur
913 1603 944 1664 in
967 1621 1062 1665 muro.
1082 1602 1179 1666 Nemo
1199 1605 1320 1670 interea
1341 1611 1425 1666 tene-

259 1700 384 1762 brarum
410 1715 500 1762 causa
527 1700 556 1760 in
582 1699 689 1761 urbem
712 1700 813 1772 audet
834 1702 1013 1780 irrumpere.
1058 1701 1267 1782 irruptionem
1290 1705 1322 1766 in
1345 1704 1425 1766 diem

259 1801 431 1862 crastinum
453 1797 612 1862 differunt.
635 1799 760 1874 Quanta
772 1807 820 1863 est
839 1795 943 1864 autern
965 1801 1141 1881 admiratio,
1164 1821 1259 1882 quum
1274 1803 1426 1883 postridie

258 1901 359 1979 primo
382 1898 517 1962 diluculo
540 1897 676 1978 videant,
688 1918 822 1980 uturum,
844 1898 955 1964 lacuna
977 1910 1182 1982 renrota,esse
1197 1905 1425 1983 restitutum‘2).

341 1999 396 2062 His
419 2016 541 2078 quoque
564 1998 723 2061 laboribus
745 1997 864 2062 frustra
892 2001 1039 2080 impensis
1062 2005 1216 2084 principes
1238 2003 1425 2082 intelligunt,

260 2099 368 2176 urbem
392 2099 566 2178 expugnari
589 2116 650 2161 non
672 2117 775 2178 posse,
799 2100 859 2162 nisi
883 2100 982 2164 lacurn
1006 2101 1156 2165 claudant
1178 2110 1209 2166 et
1235 2103 1320 2168 urbis
1336 2121 1425 2183 prae-

260 2198 374 2261 sidium
407 2197 625 2260 interoludant
649 2204 832 2262 conunealu.
877 2199 989 2280 ltaque
1023 2203 1062 2265 ab
1095 2202 1201 2266 Alexio
1238 2205 1425 2281 imperatore

246 2305 379 2378 petunt,
402 2303 439 2358 ut
460 2315 555 2360 naves
578 2299 740 2378 praebeat,
763 2317 843 2380 quae
866 2301 897 2362 iu
921 2301 1020 2364 lacum
1043 2303 1190 2367 deductae
1212 2321 1248 2364 ex
1265 2301 1320 2363 lrao
1334 2307 1424 2380 parte

261 2404 396 2478 augeant
429 2397 514 2459 urbis
547 2397 685 2476 pericula
720 2400 899 2480 faciantque
933 2403 1119 2482 propensius
1151 2403 1191 2466 ad
1233 2400 1424 2464 deditionem

260 2498 448 2580 praesidium
461 2499 499 2576 3).

344 2597 513 2678 Postquam
535 2597 658 2660 interim
683 2599 840 2663 Robertus
856 2619 978 2680 quoque
991 2599 1189 2664 Norrnannus
1203 2605 1236 2660 et
1246 2597 1425 2678 Stephanus

263 2699 421 2762 Blesensis
450 2715 519 2762 curn
549 2699 687 2762 exercitu
715 2717 834 2764 summo
857 2719 890 2762 se
917 2699 1188 2779 comburenaum)
1208 2704 1240 2760 et
1258 2705 1425 2779 postquam

262 2800 388 2862 Alexius
411 2803 550 2861 actutum
566 2800 689 2862 navium
705 2817 867 2862 numerum
887 2817 1032 2877 magnum
1050 2798 1090 2860 ad
1105 2799 1164 2862 hoo
1178 2805 1426 2863 constructarum

263 2898 416 2980 praebuit,
439 2899 470 2960 in
495 2915 580 2976 spem
604 2899 741 2978 veniunt,
763 2899 884 2977 forent
906 2897 1013 2962 urbem
1030 2899 1165 2980 undique
1183 2899 1341 2962 obsessam
1357 2917 1428 2962 mox

262 3003 450 3079 expugnent.
474 2997 576 3061 Nares
600 2997 704 3062 Ciboti
726 3000 825 3062 trabis
848 2998 1013 3079 impositas
1036 3005 1152 3078 septem
1169 3000 1266 3063 millia
1280 3017 1426 3080 passuum

263 3099 293 3161 in
317 3099 402 3160 lacus
424 3097 509 3176 ripas
531 3103 760 3179 transportant.
805 3098 935 3178 Vesperi
962 3099 993 3161 iu
1023 3098 1123 3162 lacum
1154 3099 1308 3162 deductae
1331 3107 1426 3179 atquo

263 3205 357 3261 noctu
378 3198 477 3260 lacum
503 3205 701 3261 transvectae
724 3199 877 3278 postridie
896 3199 997 3278 prima
1022 3199 1089 3262 luce
1115 3205 1187 3262 ante
1209 3199 1293 3262 urbis
1319 3217 1425 3262 muros

262 3303 422 3391 apparent
466 3295 582 3376 Magna
603 3305 653 3359 est
674 3297 838 3360 admiratio
862 3297 1046 3380 'furcarum
1069 3298 1121 3380 qui
1144 3299 1299 3378 dubitant,
1322 3305 1425 3362 utrum

264 3449 409 3458 ...—---—-

334 3528 360 3596 1)
377 3527 518 3592 Narratio,
537 3543 621 3596 quam
644 3529 761 3581 narrant
781 3528 912 3582 Albertus
938 3527 990 3597 Aq.
1011 3528 1057 3598 (II.
1077 3529 1122 3600 33)
1141 3531 1170 3584 et
1184 3527 1346 3584 ,Willermus
1364 3528 1427 3597 Tyr.

264 3614 324 3686 (III.
345 3614 380 3683 9),
399 3631 416 3666 a
433 3613 529 3666 multis
544 3613 683 3678 dubitata,
703 3615 756 3667 fide
779 3613 893 3668 minime
912 3615 998 3668 caret.

333 3717 360 3788 2)
378 3717 452 3772 Gest.
469 3717 554 3772 VIII:
572 3716 638 3784 quia
657 3734 711 3771 nox
730 3719 798 3782 erat,
817 3735 872 3771 non
889 3718 1042 3786 potuerunt
1051 3717 1184 3786 praeliari
1194 3735 1255 3772 aum
1265 3716 1321 3770 illis
1329 3719 1427 3772 Ilaim.

263 3823 289 3874 p.
310 3805 375 3858 141:
392 3803 489 3858 diribas
508 3805 590 3872 capta
609 3805 687 3867 esset,
705 3803 758 3857 nisi
775 3803 863 3857 noetis
882 3803 1013 3858 tenebrae
1033 3803 1211 3858 obstitissent.
1245 3804 1307 3858 Alb.
1328 3805 1379 3873 Aq.
1392 3805 1428 3859 ΙΙ.

264 3892 305 3945 31.
322 3890 399 3944 Will.
417 3891 480 3960 Tyr.
499 3889 549 3943 III.
568 3890 592 3943 8.

333 3995 360 4065 3)
380 3994 454 4052 (test.
466 3994 541 4049 VIII.
563 3994 640 4048 Will.
659 3995 723 4064 Tyr.
741 3995 791 4048 III.
813 3995 836 4048 7.

294 4173 296 4178 ,
333 4098 361 4166 4)
379 4098 472 4152 Fulch.
493 4098 556 4152 IV.:
584 4098 641 4152 Nos
666 4098 769 4168 quippe
792 4097 821 4151 in
844 4097 996 4151 ebdomada
1018 4082 1096 4150 Iunii
1121 4095 1210 4164 primu
1235 4101 1366 4168 postremi
1392 4103 1428 4156 ad

265 4184 434 4238 obsidionem
453 4183 586 4236 venimus.
