3138 4912
809 372 849 433 32

247 576 374 658 Tereia,
405 584 442 640 ut
467 576 575 642 urbem
604 573 786 658 imperatori
816 578 997 642 restituant.
1049 574 1248 642 Occasionem
1276 577 1314 642 de
1336 591 1413 660 pace

247 677 361 758 agendi
391 677 562 742 laetissime
596 677 751 757 arripIunt
781 676 921 758 Turbae,
965 677 1047 758 quod
1083 678 1268 758 imperatori
1306 677 1412 742 urbem

250 777 418 841 restituere
440 776 576 856 malunt,
607 794 701 856 quam
725 775 896 842 occidentis
925 776 1128 858 principibus.
1177 777 1277 856 Quum
1307 785 1412 842 autern

248 881 354 958 paucis
376 883 448 957 post
469 877 580 941 dicbus
604 876 748 940 nuntium
772 877 944 956 accipiant,
976 877 1147 958 principem
1180 886 1318 959 ternpore
1346 878 1415 941 bre-

250 978 375 1042 vissimo
397 978 626 1042 subventurum
647 994 717 1040 esse
739 977 823 1056 urbi,
853 977 993 1042 actiones
1014 977 1212 1058 abrumpunt
1261 978 1329 1042 l'uit
1350 977 1414 1041 dies

249 1077 389 1140 decimus
411 1077 540 1156 quintus
563 1076 679 1140 mensis
699 1077 790 1157 Mcji,
813 1077 880 1140 dies
900 1078 1091 1142 ascensionis
1113 1077 1198 1142 illius
1219 1080 1302 1142 anui.

331 1177 394 1242 Sub
416 1176 525 1241 eodem
547 1182 686 1256 tempore
703 1178 730 1251 ¹]
750 1175 953 1241 Boamundus
977 1177 1122 1242 Nicaeam
1138 1179 1299 1259 pervenit,
1320 1180 1417 1260 copiis

251 1277 462 1342 esurientibus
481 1276 704 1342 alimentorum
728 1277 845 1364 copiam
865 1294 1011 1357 magnam
1024 1277 1114 1342 simul
1132 1277 1338 1358 adduceusl).
1371 1277 1417 1342 Er

250 1395 311 1460 quo
332 1377 488 1457 principes
516 1394 586 1441 curn
613 1377 710 1456 copiis
738 1394 861 1440 summo
890 1377 995 1440 studio
1017 1378 1125 1442 urbem
1147 1379 1311 1460 obsident,
1340 1379 1419 1444 Boa-

251 1477 367 1542 mundo
400 1483 433 1538 et
465 1475 625 1540 Taucredo
653 1477 683 1539 in
714 1484 806 1556 parte
843 1465 1079 1558 septentrionali
1115 1480 1256 1560 proxime
1289 1498 1309 1542 a
1340 1479 1419 1560 lacu,

253 1576 420 1643 Godelrido
442 1584 475 1639 et
497 1575 634 1640 Roberto
652 1576 838 1641 Flaudrensi
867 1578 898 1641 in
927 1586 1020 1660 parte
1042 1579 1188 1644 orientali
1210 1598 1245 1644 se
1266 1580 1419 1645 collocan-

253 1679 338 1744 tibus
351 1678 387 1758 ³).
429 1675 554 1740 Viribus
575 1677 729 1743 universis
752 1677 792 1744 ad
813 1695 918 1742 muros
942 1677 1154 1743 suffodiendos
1177 1681 1225 1744 usi
1246 1680 1332 1745 intra
1353 1681 1419 1744 dies

252 1778 411 1861 proximos
445 1776 477 1840 in
504 1776 614 1838 urbem
645 1777 837 1858 irrumpendi
867 1795 922 1858 spe
950 1777 1145 1862 minctum).
1197 1779 1299 1844 Multo
1322 1782 1421 1860 magis

254 1880 374 1944 auinrus
393 1877 432 1940 iis
453 1875 583 1954 accedit,
604 1894 699 1956 quum
717 1877 859 1956 audiant,
880 1878 1088 1944 Raimundum
1105 1881 1257 1962 comitem,
1279 1881 1421 1962 Bosporo

255 1979 409 2056 transito,
435 1976 595 2040 celerrime
625 1976 804 2040 adventare.
856 1977 1031 2042 Raimundo
1060 1979 1118 2044 sibi
1148 1983 1313 2062 conjuncto
1337 1981 1422 2044 urbis

208 2147 209 2152 ,
255 2079 443 2160 expugnatio
465 2075 706 2156 haudquaquam
729 2077 863 2157 amplius
887 2078 983 2142 dubia
1003 2079 1041 2142 iis
1063 2097 1132 2144 esse
1155 2079 1285 2144 videtur.

337 2194 504 2260 Contraria
525 2192 683 2258 ducuntur
704 2195 850 2274 opimone
874 2194 1003 2260 Tuscae.

339 2315 441 2391 Quum
466 2311 610 2388 videant,
643 2312 728 2376 urbis
751 2322 872 2392 partem
895 2316 1099 2379 meridianam
1122 2314 1256 2378 nondum
1279 2331 1346 2376 esse
1368 2313 1421 2375 ob·

260 2432 388 2492 sessarn,
410 2431 504 2494 quum
526 2413 683 2490 nesciant,
705 2412 914 2478 Raimundum
938 2417 978 2478 ad
1001 2416 1107 2480 urbem
1130 2413 1287 2477 celerrime
1310 2431 1423 2493 appro-

259 2516 421 2597 pinquare,
444 2531 539 2594 quum
562 2512 774 2594 cognoverint
798 2516 970 2596 principem
994 2532 1084 2578 suum
1106 2531 1228 2576 moxu
1196 2513 1228 2575 fu
1230 2522 1334 2576 turum
1357 2531 1425 2575 esse

260 2619 290 2679 in
312 2615 498 2696 propinquo,
523 2630 616 2692 quum
640 2613 677 2676 iis
698 2630 884 2693 persuasum
908 2619 958 2696 sit,
973 2634 1006 2679 se
1027 2613 1201 2678 commeatu
1180 2613 1425 2676 utranslacum

260 2714 516 2797 supportando
508 2712 671 2777 intercludi
699 2731 759 2776 non
789 2732 881 2794 posse
911 2722 1004 2794 atque
1031 2714 1137 2778 urbem
1165 2713 1320 2796 praesidio
1349 2720 1399 2776 sat
1400 2713 1426 2775 is

261 2833 327 2880 esso
351 2816 381 2878 in
400 2821 468 2877 tuto
491 2812 681 2890 collocatam,
703 2812 742 2876 de
765 2813 907 2877 hostibus
930 2833 992 2877 uno
1016 2815 1078 2878 ictu
1101 2812 1316 2878 interimendis
1333 2813 1427 2876 medi·

262 2923 382 2982 tantur.
426 2913 626 2994 Quapropter
647 2913 781 2994 principi
803 2914 966 2994 nuntiant,
989 2915 1076 2979 urbis
1100 2922 1198 2979 totam
1220 2921 1343 2994 partem
1365 2931 1428 2976 rne-

261 3017 415 3082 ridianam
437 3011 539 3078 adhuc
561 3033 629 3078 esse
651 3020 792 3095 apertam
805 3013 847 3097 ⁵),
868 3031 1002 3094 eumque
1020 3025 1151 3098 rogant,
1173 3023 1208 3080 ut
1228 3015 1331 3078 auimo
1354 3012 1428 3076 l'orti

263 3117 302 3182 ad
322 3116 430 3181 urbem
453 3113 614 3179 obsidione
636 3115 815 3180 solvendam
840 3115 998 3180 adventet.

334 3483 361 3553 1)
380 3483 454 3538 Gesb.
487 3482 555 3536 VIII
588 3481 621 3534 ln
645 3481 690 3536 die
709 3481 883 3536 :ascensionis
910 3484 1021 3540 Domini
1048 3485 1186 3554 coepimus
1219 3486 1316 3538 urbem
1345 3486 1430 3537 unde·

264 3588 376 3641 quaque
392 3569 523 3624 invadere
542 3569 594 3622 ebe.

333 3677 361 3744 2)
380 3675 453 3730 dest.
473 3674 550 3728 VIL:
570 3671 732 3742 priusquam
753 3673 929 3726 Boamundus
955 3672 1075 3726 venisset
1097 3675 1133 3727 ad
1152 3689 1213 3737 nos,
1239 3675 1344 3728 tanta'
1336 3674 1429 3743 inopia

265 3781 345 3834 psum
366 3762 421 3816 fuit
442 3761 515 3816 inter
540 3777 604 3824 nos,
636 3759 669 3811 ub
693 3776 764 3811 unus
792 3758 870 3828 panis
904 3729 1197 3829 venderhfflginli
1226 3763 1277 3814 aut
1312 3761 1433 3830 triginta

266 3849 394 3904 denariis

334 3954 362 4024 3)
380 3953 457 4008 Geso.
472 3953 490 4005 l.
510 3969 533 4005 c.
569 3949 660 4003 Raim.
678 3950 697 4003 l.
716 3967 740 4003 c.

335 4058 364 4124 4)
383 4057 457 4111 Gest.
472 4056 490 4109 l.
509 4072 531 4108 c.
567 4053 658 4106 Raim.
674 4052 693 4106 1.
710 4070 733 4106 c.

339 4161 367 4232 5)
386 4161 461 4215 sest.
479 4159 554 4214 VIII.
